2840 4682
625 372 669 450 aa

104 512 302 628 leudesium,
334 555 400 609 taur
419 515 610 614 mendosum
630 549 785 616 ducamus
806 543 991 627 Platonem,
1020 548 1077 632 qui
1099 511 1195 634 Solu?-
1296 565 1299 578 ’

106 653 159 719 uis
180 655 220 716 de
242 653 408 734 Atlantide
430 647 497 740 ipsa
513 658 635 720 servari
651 658 770 742 scripta
791 657 998 724 affirmaverit
1010 661 1091 739 (91),
1114 677 1196 738 quae
1289 660 1292 671 ‘
1337 697 1339 704 ·

107 782 283 844 uunquam.
299 762 516 826 exstitissent?
533 764 641 848 Atque
662 750 746 828 illud
769 766 906 826 alterum
928 785 1077 847 quoquc,
1106 766 1196 838 Solo7

109 889 185 928 uem
206 869 340 948 fortasse
359 890 377 930 a
398 870 571 934 Platone
561 871 663 956 ipsius
689 874 821 934 nominc
851 872 1062 942 disserentem
1075 866 1217 954 prola
1280 872 1309 936 ,’

107 987 178 1038 tum
198 999 285 1056 esse,
306 977 392 1039 hanc
409 979 451 1040 oh
464 1000 590 1076 causam
602 995 732 1064 prorsus
752 979 938 1064 negandum
950 987 1020 1058 est,
1042 979 1199 1062 quianon
1322 1047 1324 1053 ¹

9 1087 13 1101 ¹
108 1085 227 1163 semel,
258 1085 315 1148 sed
335 1075 452 1156 iterum
470 1087 707 1170 atquesaepius
705 1087 897 1149 affirmatur
913 1106 1043 1146 omnem
1066 1084 1198 1146 narrati·
1233 1109 1235 1121 ·
1284 1079 1288 1090 ’

108 1211 207 1252 onem
234 1192 393 1274 proficisci
415 1214 432 1252 ιι
454 1194 587 1273 Solone,
610 1203 727 1258 ettam
741 1195 861 1256 multae
885 1214 922 1254 ac
944 1191 1087 1260 diversae
1107 1211 1203 1254 acce-

43 1329 46 1336 ·
109 1299 195 1383 dunt
212 1321 274 1378 res,
299 1319 409 1382 quasa
425 1300 562 1362 Platone
582 1300 671 1364 fictas
687 1301 800 1366 haberi
816 1303 907 1364 nefas
927 1299 1086 1362 videatur.
1115 1295 1205 1376 Quid

109 1401 282 1468 multa?
257 1429 283 1468 ss
305 1406 396 1470 hac
387 1428 422 1468 ιιι
444 1428 480 1470 ro
503 1407 681 1500 Platonem
692 1401 821 1470 finxisse
842 1418 1010 1492 putamus,
1044 1391 1131 1470 idem
1152 1425 1204 1470 ce-

73 1548 91 1584 ,ι
111 1514 189 1576 teris
209 1511 369 1576 similibus
390 1513 471 1578 locis
492 1489 717 1598 accipiendum
739 1522 807 1593 est,
830 1535 891 1576 uec
912 1533 1025 1578 varum
1047 1533 1117 1574 esse
1136 1519 1205 1602 pot·

57 1603 61 1613 ¹
112 1629 181 1699 est,
203 1621 292 1704 quod
313 1619 391 1693 alibi
412 1619 550 1683 traditur
571 1641 589 1680 a
610 1622 762 1699 Platone,
786 1619 921 1684 Critiam
938 1618 1033 1680 illum
1051 1619 1206 1681 maiorem

112 1747 130 1788 a
152 1727 274 1826 Solone
296 1727 449 1790 carmine
460 1725 659 1822 celebratum
682 1745 750 1790 csse
770 1732 851 1810 (92),
884 1746 987 1808 quum
1007 1734 1114 1788 tamen
1132 1724 1206 1788 Ari·

112 1837 246 1900 stoteles
265 1835 395 1898 huius
386 1834 486 1918 ipsius
509 1816 681 1918 poematis
687 1856 818 1898 versum
840 1832 1020 1896 laudaverit
1036 1829 1120 1918 (95).
1136 1831 1208 1894 Pla·

113 1949 223 2006 touem
245 1941 344 2024 igitur
366 1949 616 2022 consequentes,
649 1939 717 2002 cai
713 1939 835 2020 itidem
858 1937 1089 2022 respondetis
1109 1939 1208 2002 Solo-
1296 1957 1300 1966 ¹

90 2101 95 2109 ,
115 2047 167 2108 nis
187 2047 253 2110 vitu
276 2046 481 2124 Plutarchus,
504 2046 545 2107 ad
565 2068 718 2132 magnum
740 2046 823 2110 illud
843 2047 963 2109 Solone
983 2045 1208 2130 dignissimum
1222 2072 1237 2103 ,ι
1265 2025 1270 2036 ’

16 2131 20 2138 ’
115 2153 289 2217 eonsilium
309 2154 451 2217 breviter
466 2153 714 2218 describendum
727 2153 908 2236 omnisque
916 2145 1230 2236 labalae'probabist

114 2260 180 2320 lem
201 2283 329 2324 causam
351 2261 564 2326 evolvendam
584 2253 903 2344 trar‘asgvediamnr.¹
950 2313 951 2318 ,

152 2361 260 2428 Ulsi
280 2367 420 2452 primum
436 2363 480 2430 At
484 2368 721 2454 gyptuslpatnit
737 2367 930 2456 peregrinis,
952 2385 1099 2450 quisquis
1110 2359 1209 2428 Grae·

119 2492 234 2536 corum
254 2472 446 2556 sapientiae
460 2473 647 2558 gloriaeque
683 2474 806 2538 domi
798 2495 861 2534 ram
887 2477 1086 2560 comparatae
1115 2469 1210 2556 guasi

115 2578 310 2664 fastigium
301 2599 466 2664 rmponere
492 2577 645 2658 voluit,
635 2600 670 2640 ιιι
692 2578 890 2642 mirificam
880 2591 993 2660 ratam,
1014 2601 1111 2664 quam
1131 2601 1208 2664 per·

116 2685 242 2768 hibent,
258 2697 377 2750 terram
397 2688 562 2771 profectus
576 2695 633 2750 est.
654 2666 889 2770 Aegyptiorum
905 2665 1131 2764 eruditissimi,
1153 2688 1211 2771 qui
1239 2715 1241 2720 ·

117 2793 253 2856 fuerunt
278 2794 487 2873 sacerdotes,
519 2793 675 2877 singulari
703 2793 840 2876 quadam
866 2777 990 2859 ratione
1011 2797 1209 2859 Graecorum

118 2900 329 2983 cupiditatem
352 2901 560 2984 studiumque
586 2899 742 2963 novarum
762 2923 871 2964 rerum
890 2903 924 2966 in
948 2925 1042 2967 suum
1064 2924 1210 2988 commu·
1244 2959 1247 2964 .

118 3003 200 3090 ‹lnm¹
232 3018 424 3072 convertere
457 3015 653 3091 potuerunt:
690 2995 829 3074 vetustas
860 3013 1058 3076 Graecorum
1084 3013 1210 3076 fabulas
1280 3061 1283 3068 ,

119 3115 338 3199 cognoscendi
358 3114 601 3194 studiosissimi,
624 3135 753 3178 omnem
773 3110 905 3180 illorum
922 3095 1149 3202 antiquitatem
1167 3118 1211 3177 itu

121 3225 383 3305 conformarent,
415 3232 451 3286 ut
471 3224 511 3286 ud
533 3224 712 3309 Aegyptum
734 3221 867 3310 primam
894 3226 1079 3314 politiorem
1098 3224 1210 3286 huma·

118 3332 254 3413 uitatem
271 3331 521 3409 revocaverint,
544 3333 631 3394 undc
653 3324 724 3394 aliis
746 3334 914 3416 gentibus,
937 3330 1093 3418 imprimis
1112 3332 1213 3395 Grae·

121 3438 189 3514 cia,
222 3439 454 3502 communicata
475 3438 526 3504 sit.
568 3438 622 3500 sie
643 3435 729 3536 apud
751 3441 949 3504 Herodotum
970 3438 1039 3524 (11,
1062 3437 1119 3525 54)
1141 3461 1211 3502 οιι-

92 3545 189 3612 -culi
209 3549 376 3612 Dodonaei
398 3537 521 3631 Epiriui
545 3546 653 3630 origo,
677 3547 860 3611 auctoribus
881 3545 1083 3632 Aegyptiacis
1105 3569 1212 3612 sacer·

156 3811 216 3881 (91)
250 3809 315 3863 Crit.
332 3825 359 3880 p.
381 3811 440 3875 113,
459 3826 482 3860 a.

155 3913 214 3984 (9²)
250 3912 317 3964 Tim.
341 3913 435 3982 p.'1so
450 3931 491 3985 sq.
514 3910 654 3966 Channid.
669 3932 694 3984 p.
715 3911 781 3982 157,
800 3925 822 3965 s.

155 3996 307 4086 (plllfflrt.
323 4003 434 4057 Rhesos:
452 4005 481 4068 l,
499 4004 540 4061 ι5.
558 4003 593 4062 cl.
612 4004 647 4058 ad
663 4005 814 4079 Fragma'.
