2840 4682
222 565 277 618 aat
299 554 472 632 adimeret,
501 563 533 616 et
553 531 654 636 qnam
681 549 831 635 plerique
858 551 1053 634 quaererent
1073 567 1113 610 ex
1135 565 1195 624 eo,
1226 565 1308 629 qno-

221 663 316 726 modo
345 663 506 745 quidlibet
525 667 741 742 comparatum
762 678 864 740 quave
896 656 1049 741 opinione
1081 652 1315 756 accipiendum,

222 780 318 834 esset:
340 768 564 846 considerans,
592 776 625 828 et
646 787 712 828 non
734 767 840 829 facere
861 765 941 827 haee
965 784 1031 826 esse
1053 727 1261 838 absurdum,
1273 767 1308 820 et

162 952 165 964 Ι
220 877 327 938 facere
348 874 571 949 insidiosum,
602 895 620 933 a
648 873 771 956 populo
795 869 987 934 Atheniensi
1011 867 1145 956 petivit,
1174 875 1212 926 ut
1231 885 1309 948 per-

157 960 159 964 *
223 949 364 1061 egriuari
385 978 445 1040 sibi
472 977 666 1042 decennium
695 977 826 1038 liceret:
861 996 927 1059 quo
943 975 1136 1058 impetrato,
1166 973 1307 1056 primum

220 1085 256 1158 in
276 1085 455 1168 Aegyptum
480 1083 662 1166 profectus,
696 1080 881 1143 Atlantidis.
895 1079 1072 1142 ¹consilium
1101 1080 1208 1170 cepit.⁸
1236 1080 1306 1140 Nec

143 1193 145 1196 ’
223 1195 299 1257 ‘vero
328 1190 424 1252 buius
453 1189 604 1266 itineris,
638 1189 678 1250 ad
710 1188 846 1250 civitatis
863 1201 953 1252 'suae
983 1189 1118 1254 salutem
1144 1185 1307 1269 suscepti,

221 1293 430 1381 Plutarchum
458 1292 603 1375 aliosque
632 1293 801 1377 scriptores
827 1292 911 1356 solos
932 1301 1027 1354 testes
1046 1292 1216 1364 habemus,
1248 1291 1310 1354 sed

223 1401 322 1462 Solon
345 1400 414 1484 ipse
439 1420 569 1484 quoque
590 1397 682 1460 nobis
704 1388 752 1461 est
773 1407 886 1460 auctor
905 1397 938 1458 in
962 1396 1119 1479 disticho,
1151 1398 1240 1479 quod
1261 1397 1310 1458 le-

223 1507 314 1588 gitur
330 1504 415 1588 apud
436 1503 643 1567 Plutarchum
666 1503 764 1579 (uui.
780 1503 830 1581 26)
921 1587 922 1592 ρ
945 1520 950 1528 ·
1005 1585 1013 1592 .

304 1669 424 1746 Νείλοο
448 1647 506 1730 ἐπί
520 1673 705 1758 προχοῇσι,
725 1661 912 1752 ΚανωβίδοςΙ
937 1669 1069 1753 ἐγγύθεν
1090 1670 1199 1742 ἀκτῆς.

234 1771 241 1786 ’
761 1777 903 1860 (Fregm.
927 1776 990 1864 ις’)
1164 1764 1168 1776 ⁴

241 1934 467 1996 Deinde
458 1956 493 1996 ιιι
520 1937 662 2020 Cyprum
689 1943 786 2030 atque
818 1934 845 1996 Ι
845 1933 952 2018 ydram
980 1929 1163 2016 profectus,
1193 1931 1308 1994 auditu

221 2037 376 2118 cognovit
391 2039 524 2121 patriam
540 2039 706 2138 discordiis
718 2049 751 2102 et
760 2037 972 2101 seditionibus
986 2038 1199 2117 commoveri,
1214 2023 1308 2100 ideo-

219 2164 288 2226 que
303 2143 449 2210 Athenas
471 2139 654 2232 regressus,
684 2153 838 2231 quantum
865 2169 923 2231 pro
944 2146 1066 2209 viribus
1088 2156 1120 2208 et
1140 2155 1307 2210 senectute

150 2279 156 2292 =
217 2250 343 2331 potnit,
374 2252 422 2313 rei
449 2252 597 2336 publicae
618 2252 771 2336 opitulari
793 2251 970 2316 contendit
1008 2251 1175 2337 Principes
1196 2253 1308 2314 lactio-

189 2355 194 2365 “’
221 2379 316 2433 ιιιιιιι,
337 2359 492 2444 imprimis
513 2361 765 2441 Pisistratum,
755 2382 822 2445 rpse
840 2360 901 2423 sibi
923 2341 1098 2424 conciliare
1122 2372 1154 2424 et
1170 2385 1187 2423 a
1206 2363 1308 2424 domi-

221 2464 321 2525 nandi
348 2463 486 2528 libidine
515 2487 624 2528 arcere
652 2466 783 2529 studuit.
835 2465 899 2526 Sed
928 2466 1074 2528 resistere
1104 2488 1168 2528 non
1185 2471 1307 2551 potuit

219 2567 309 2631 illius
332 2571 473 2648 artibus,
497 2582 608 2657 utpote
630 2573 688 2658 qui
711 2573 792 2634 elam
809 2571 1014 2654 tyrannidem
1030 2583 1215 2643 sectaretur.
1237 2573 1306 2650 lta-

220 2694 302 2756 que,
324 2687 500 2766 eonvocata
522 2677 702 2756 concione,
724 2674 973 2737 Atheniensibus
994 2675 1150 2738 Pisistrati
1171 2677 1307 2739 insidias

222 2790 255 2844 et
277 2783 438 2868 improbos
460 2795 592 2850 conatus
621 2785 805 2851 declaravit.
857 2785 924 2845 Nec
953 2785 1068 2846 desunt
1096 2784 1198 2866 elegi,
1222 2805 1304 2865 quos

219 2889 404 2954 recitavisse
426 2893 568 2982 dieitur,
591 2893 870 2979 quum·.orienlem
891 2892 1096 2974 tyrannidem
1111 2892 1213 2952 multo
1228 2899 1304 2950 ante

144 3085 146 3092 Ι
219 2995 443 3077 prospexisset.
485 2999 572 3060 Haec
591 2998 678 3064 enim
699 2995 859 3062 Diodorus
881 2996 1009 3058 Siculus
1032 2997 1143 3078 (xlx,
1165 3009 1214 3075 1):
1237 2999 1304 3070 Τῆς
1407 3007 1408 3011 ’

219 3101 281 3186 γάρ
307 3099 465 3178 Σόλωνος
477 3109 583 3188 φωνῆς
612 3103 713 3188 ὥςπερ
739 3110 890 3187 χρησμοῦ
908 3125 997 3174 τινος
1017 3101 1236 3184 ἐμνημόνευον
1256 3105 1306 3176 (ot

154 3257 155 3260 ,
219 3208 456 3285 Ἀθηναῖοι),’
444 3231 478 3273 εν
502 3208 550 3284 οἶς
570 3209 644 3292 περὶ
666 3215 723 3282 τῆς
740 3207 992 3292 Πεισιστράτου
1010 3208 1203 3293 τυραννίδος
1225 3231 1318 3292 erpo·-
1406 3251 1407 3266 ι

218 3315 334 3395 λέγον,
359 3311 454 3390 ἔθηκε
475 3315 552 3377 τόδε
574 3315 614 3375 τὸ
641 3315 788 3398 ἐλογιιον

172 3498 174 3508 ·
209 3493 214 3512 ⁴
300 3475 478 3568 Ἀνδρονί
481 3503 499 3540 κ
517 3478 664 3568 μεροίλον
684 3482 778 3556 πόλις
802 3483 954 3544 ὄλλυται·
977 3483 1021 3556 είς
1041 3480 1076 3544 δὲ
1097 3477 1261 3564 τνροίννοο
1304 3457 1308 3466 ’
1405 3545 1406 3556 ρ

385 3585 483 3666 δῆμος
508 3585 617 3670 ἀϊδρίῃ
637 3587 840 3660 δουλοσύνην
864 3585 991 3654 ἔπεσεν.

187 3783 190 3786 -
218 3739 314 3801 Redit
334 3741 396 3802 hoc
419 3741 608 3823 distichum,
636 3745 736 3806 altero
759 3745 854 3805 etiam
881 3725 1083 3828 praemisso,¹
1107 3742 1193 3826 apud
1221 3741 1303 3802 Dio-

217 3865 332 3926 genem
359 3845 520 3907 La'e'rtium
548 3851 593 3927 (I,
617 3849 681 3928 50);
711 3857 807 3931 etque
836 3848 1046 3926 Plutarchus,
1074 3857 1109 3909 ut
1131 3849 1301 3920 ostendat,

216 3951 344 4038 qualem
377 3954 544 4020 scientiam
577 3979 686 4022 rerum
714 3957 917 4045 physicarum
945 3957 1078 4042 adeptus
1105 3957 1146 4020 rit
1171 3955 1300 4035 Solon,

1403 3861 1405 3892 l

1404 3897 1405 3918 l
