2840 4682
604 377 728 477 a.

114 558 222 642 menta
243 551 372 634 penitas
394 555 428 616 in
450 555 590 620 humana
608 566 722 624 natura
741 553 902 640 implicata
924 555 1085 635 insident,
1104 565 1211 640 atque,

114 659 203 742 apud
227 661 366 725 Graecos
387 663 427 724 ad
448 663 571 728 fabulas
591 663 729 728 redeunt
753 669 824 742 (12).
862 667 958 744 ¹Quae
978 665 1199 747 antiquissima

113 773 288 834 laudantur
309 769 394 856 apud
417 772 556 834 Graecos
581 774 719 836 musicae
751 773 982 860 instrumenta,
1007 774 1129 846 citlmra
1150 782 1199 833 st-

114 899 179 963 qne
202 879 355 952 tibiatis
371 859 570 962 respondent
581 883 673 964 ppica
691 869 787 962 alque
807 880 942 959 elegiaca
957 881 1107 942 carmina.
1147 880 1201 940 Ti-

16 971 22 980 ’
111 987 240 1048 bisrnm
258 988 354 1065 soni,
377 973 521 1070 peraeae
542 986 697 1050 babentes
721 975 1017 1069 triste'quoddam,
1040 986 1124 1048 sicut
1145 986 1200 1048 lu-.

112 1091 224 1174 gabrio
243 1092 398 1156 lusciniae
424 1099 536 1154 cantus
555 1093 636 1171 (13),
667 1092 827 1176 aptissime
850 1107 924 1153 eum
945 1090 1045 1175 elegis
1067 1093 1202 1154 coninu-

106 1201 147 1282 gi
165 1208 307 1282 possunt.
343 1177 439 1278 'Quae
459 1199 608 1282 quidem,
622 1221 689 1282 per
707 1221 740 1260 se
757 1199 831 1260 satis
848 1189 1036 1281 perspicua,
1058 1216 1201 1293 compro·

111 1307 232 1367 bantur
265 1292 359 1367 etiam
396 1317 584 1388 argumento
609 1306 780 1383 historico,
826 1305 868 1364 in'
894 1305 1012 1368 Suidae
1046 1307 1200 1368 collecta·
1232 1385 1237 1393 Α

113 1413 185 1474 nisis
215 1413 377 1496 reposito,
411 1411 466 1472 ubi
489 1410 616 1474 disertis
641 1413 747 1473 verbis
775 1413 898 1494 ἐλέγους
923 1413 963 1474 ad
985 1413 1197 1477 tibiamzcan-

29 1543 32 1552 ·
112 1527 195 1581 tatos
221 1531 289 1582 esee
316 1519 437 1601 legitur
461 1520 532 1596 (14).
561 1517 652 1580 Sicut
677 1518 805 1601 epicnm'
829 1504 960 1582 carmen
990 1521 1074 1604 apud
1099 1523 1199 1584 Grae·

96 1623 169 1689 'cos
197 1626 283 1688 viam
310 1625 463 1709 patefecit
494 1625 534 1688 ad
558 1625 726 1688 scientiam
760 1644 871 1688 rerum
897 1636 1059 1710 gestarum
1084 1648 1199 1689 monu-

111 1743 220 1796 menta
241 1734 358 1798 litteris
381 1732 574 1812 mandandi,
596 1733 642 1794 ita
659 1733 763 1817 poesis
786 1733 927 1817 elegiaca
950 1733 1079 1798 eosdem
1098 1720 1200 1796 Grac-

111 1862 167 1906 cos
189 1843 379 1926 perduxisse
395 1842 537 1925 putanda
558 1851 605 1903 est
618 1840 759 1925 primum
774 1841 816 1904 ad
830 1842 965 1926 lyricam
982 1841 1120 1926 poesim,
1143 1841 1201 1904 de·

111 1949 196 2010 inde«
210 1950 250 2010 ad
271 1943 522 2034 philosophiam:
556 1946 626 2008 illic
647 1949 735 2008 enim
756 1947 1007 2028 describuntur,
1036 1969 1120 2030 quae
1140 1971 1199 2012 ex-

110 2056 271 2118 trinsecus
302 2055 350 2116 in·
368 2055 491 2117 animos
523 2063 647 2115 nostros
684 2053 884 2142 irrumpunt,
916 2055 971 2117 hic
998 2057 1201 2138 suum-quis·

110 2181 175 2243 qne
205 2161 304 2222 animi
338 2181 470 2226 sensum
499 2158 699 2244 potissimum
726 2161 877 2245 exprimit
905 2173 1000 2245 atque
1030 2185 1070 2225 ex
1098 2174 1199 2228 semet
1269 2192 1276 2200 ·

110 2267 181 2350 ipso
203 2267 335 2331 deducit
356 2269 529 2350 pleraque„

191 2376 328 2436 Carmen
349 2373 542 2456 elegiacum,
562 2374 658 2456 quale
678 2373 827 2456 primitus
846 2374 946 2439 fuisse
964 2375 1111 2456 dicitnr‚'
1124 2399 1200 2462 pan·

109 2484 201 2545 latim
222 2483 303 2546 tinea
324 2503 397 2545 suos
419 2481 603 2544 extendisse
623 2491 720 2566 atque
740 2482 873 2546 omnino
896 2503 948 2545 res
971 2485 1132 2567 graviores
1159 2509 1196 2552 ac

109 2592 290 2654 severiores
317 2590 477 2674 recepisse
503 2589 632 2654 videtur
651 2569 664 2668 ‚i
697 2591 741 2652 ita
769 2601 806 2654 ut
830 2591 999 2674 prodirent
1023 2592 1144 2654 Callini
1167 2605 1200 2656 et

108 2699 239 2783 'I'yrtaei
257 2710 368 2760 cantus
385 2698 546 2777 bellicosi,
568 2708 637 2759 tam
654 2721 795 2762 amorem
812 2699 906 2762 etiam
920 2700 1126 2788 complexam
1141 2712 1201 2782 est,
1221 2765 1226 2772 ,

109 2829 176 2890 quo
212 2806 386 2886 flagrarunt
414 2806 598 2869 Mimnermi
625 2829 751 2874 sverans.
804 2811 920 2872 Postea
949 2830 1026 2871 vero
1058 2809 1219 2892 genuiua'

98 2905 204 2996 'ratio'
224 2919 390 2994 tantopere
414 2913 560 2994 neglecta
583 2921 647 2990 est,
680 2921 716 2972 nt
743 2913 782 2974 ad
810 2913 914 2976 tristia
941 2924 1035 3008 atque
1062 2914 1199 2996 hilaria,

110 3020 251 3084 adseris
274 3012 370 3102 atque
392 3019 520 3098 iocosa,
543 3031 575 3083 et
596 3021 635 3084 ad
655 3023 894 3106 qualiacunque
918 3034 1106 3108 argumenta
1127 3045 1199 3108 pro-

110 3129 231 3191 miscue
252 3129 484 3190 adhiberentur
507 3109 795 3214 versus'elegiaci²
823 3127 908 3194 neve
929 3154 1052 3193 nomen
1074 3109 1243 3214 ἐλεγεῖαΙχ

111 3247 173 3310 tam
196 3238 235 3301 ad
256 3237 433 3298 carminum
457 3221 594 3320 lugubre
618 3247 860 3322 argumentum,
883 3230 1040 3322 quemad
1062 3249 1199 3300 metrum
1252 3231 1265 3238 ’
1293 3251 1294 3256 ’

109 3346 287 3428 pertineret
304 3345 370 3424 ’(15)

114 3485 381 3504 *nunni—...a-

142 3542 211 3614 (ια)
246 3545 280 3600 V.
299 3543 436 3598 Plutarch.
456 3544 492 3596 de
508 3546 613 3600 Musica
634 3549 655 3600 3.
677 3544 703 3600 5.

141 3637 207 3706 (13)
242 3624 332 3710 Quam
351 3635 386 3692 ob
399 3656 509 3692 causam
528 3638 720 3710 Aristoph-Av.
737 3655 796 3707 2¹7·
810 3638 943 3692 lusciniae
958 3639 1056 3693 tribuit
1070 3638 1192 3708 ἐλέγους.
1288 3656 1300 3670 ’
1348 3649 1353 3664 ’

140 3731 208 3802 (ri)
242 3733 409 3808 λλἜλεγοι·
424 3736 532 3813 θρῆνοι
547 3740 615 3811 πρὸς
629 3733 726 3790 αὐλὸν
746 3733 896 3808 ᾀδόμενοι.

141 3828 204 3898 (15)
242 3829 273 3880 V.
292 3829 403 3885 Franci.
419 3850 444 3902 p.
460 3835 492 3886 53
516 3847 575 3902 sqq.
596 3831 657 3896 Peg.
674 3828 706 3898 57
731 3829 875 3882 addendos
895 3839 935 3884 ast
950 3831 1027 3884 locos
1047 3844 1080 3879 ex
1096 3828 1195 3883 Demo*

210 3922 308 3976 sthene
324 3931 385 4001 περὶ
403 3923 584 4003 Παραπρεσβ.
610 3943 635 3996 p.
655 3942 704 3978 soc
724 3923 767 3978 ed.
788 3925 899 3991 Taytor.
926 3913 1102 4000 obi‘Solonis
1118 3921 1193 3974 disti·
1302 3917 1305 3926 '

163 4095 167 4102 ι
207 4015 260 4072 cha
273 4015 309 4071 dc
329 4017 533 4072 atheniensium
553 4021 708 4094 republica
727 4021 838 4074 laudata
856 4020 988 4092 Ἐλεγεῖα
1007 4020 1144 4106 dicontur.
