2840 4682
760 347 827 414 a&

278 525 397 626 Quae
429 525 561 612 quidem
581 526 626 596 ita
649 527 683 587 in
705 527 894 591 universnm
921 529 1064 614 exposita
1086 549 1174 598 nane
1203 539 1310 594 nostro

181 603 361 694 corisilio
382 633 559 713 sufficiant,
582 623 703 731 quippe
725 635 842 719 quibus
863 657 929 698 non
944 637 985 700 sit
998 637 1216 722 propositum,
1236 637 1311 700 Plu·

118 731 120 734 ¹
222 739 326 802 tarohi
351 749 383 801 et
403 735 559 825 Diogenis
580 743 702 804 Laertii
721 743 923 827 aliorumque
944 745 1137 833 scriptorum
1158 745 1311 808 narratio·

137 823 141 841 ⁴
174 863 182 872 ”
222 867 280 908 nes
302 847 353 906 in
359 869 460 908 unum
481 837 676 932 redigendo,
700 872 828 912 omnem
847 851 976 913 Solonis
994 837 1107 931 iiiam,
1128 861 1161 914 et
1180 852 1244 914 riri
1261 849 1309 912 rei

215 954 370 1037 publicae
393 955 554 1042 gerendae
574 957 797 1036 scientissimi,
829 969 862 1020 et
882 959 963 1021 civis
989 959 1110 1042 patriae
1141 943 1307 1022 studiosis-

120 1097 122 1100 ·
221 1055 312 1140 simi,
343 1071 375 1122 et
395 1071 527 1146 poetae,
559 1074 592 1126 et
611 1057 818 1149 philosophi,
852 1075 884 1127 et
904 1065 1154 1154 peregrinatoris
1176 1087 1307 1140 accura—
1402 1067 1403 1070 ’

220 1169 283 1228 tins
306 1169 487 1252 explicare.
510 1170 602 1231 nohis
623 1171 729 1253 potius
751 1191 788 1232 ea
805 1173 913 1233 solum
934 1173 1083 1254 eligenda
1104 1183 1197 1252 suut,
1225 1185 1307 1254 qnae

218 1282 365 1356 spectant
386 1276 424 1336 ad
446 1276 599 1338 Solonem
620 1284 767 1360 poetam,
786 1278 979 1360 plerumque
997 1287 1103 1340 tamen
1127 1301 1200 1341 cum
1220 1289 1307 1342 oete·

218 1377 263 1441 iis
292 1382 395 1472 vitae,
426 1381 583 1470 imprimis
611 1381 757 1460 civilis,
754 1383 1009 1445 conditionibus
1037 1385 1149 1446 intime
1174 1387 1306 1448 coniun-

189 1480 201 1568 ι’
219 1495 278 1548 cta.
306 1488 473 1554 Faciamus
495 1489 604 1570 itaque
629 1473 811 1570 periculum
838 1485 1026 1571 inquirendi
1049 1491 1203 1572 primum,
1233 1491 1307 1574 qui-

216 1592 277 1668 bus
299 1595 477 1657 carminum
499 1592 670 1676 generibus
687 1593 860 1678 praecipue
876 1617 953 1657 usus
969 1595 1010 1656 sit
1030 1573 1147 1675 Solon,
1171 1597 1305 1676 deinde,

109 1709 111 1713 ’
143 1753 149 1764 ,
217 1722 358 1781 quonam
376 1699 547 1761 referenda
575 1699 639 1758 sint
659 1698 838 1759 carminum
865 1700 1025 1784 singula,'
1043 1688 1182 1784 quorum
1208 1713 1262 1764 aut
1287 1725 1305 1766 e

215 1806 402 1890 fragmentis
429 1805 582 1866 habemus
612 1805 797 1898 notionem,
828 1815 884 1867 aut
911 1829 970 1890 per
996 1807 1075 1870 aiios
1106 1829 1219 1896 graves
1247 1833 1329 1892 ιιι-ι
1402 1855 1403 1874 1

217 1921 330 2000 stores.

297 2020 413 2104 Aptius
443 2041 518 2083 sane
553 2020 683 2082 initium
715 2021 748 2081 in
775 2022 982 2111 ponderanda
1012 2022 1142 2084 Solonis
1170 2023 1303 2085 faculta-

215 2136 246 2189 te
275 2129 401 2212 poetica
437 2147 559 2210 ponere
595 2127 672 2188 lieet
700 2127 850 2206 nullum,
886 2120 991 2210 quam-
1014 2149 1174 2190 summum
1207 2130 1301 2190 illum
1402 2147 1403 2196 ι

117 2241 123 2252 ’
214 2237 383 2298 Platonem
407 2237 500 2310 (Tim.
517 2258 549 2319 p.
570 2257 622 2314 ιι,
640 2239 679 2312 e)
703 2244 866 2297 auctorem
881 2243 914 2298 et
932 2235 1073 2320 iudicem
1087 2235 1300 2320 proferendo:
1402 2243 1403 2292 1

215 2345 242 2403 is
265 2343 370 2420 euim,
392 2341 559 2420 Solonem,
574 2343 637 2418 sit,
660 2356 689 2400 et
706 2343 816 2404 ceteris
830 2340 922 2402 rebus
937 2343 1096 2402 constitisse
1111 2339 1301 2426 sapientissi-

207 2469 298 2510 ‘mum
321 2464 351 2511 et
372 2451 405 2510 in
425 2450 513 2530 poesi
532 2438 696 2530 poetarum
719 2449 858 2508 omnium
874 2447 1127 2511 liberalissimum
1155 2441 1299 2524 (tueatu-
1402 2457 1403 2472 *

283 2766 287 2776 ¹
318 2745 414 2818 πρεσβ.
442 2763 468 2815 p.
489 2761 535 2797 nor
566 2742 606 2796 ed.
633 2717 744 2810 'l'sylon¹
768 2741 841 2798 Ἀιιὸ
861 2741 998 2810 Σόλωνος
1015 2742 1048 2827 Χδὲ
1068 2746 1147 2812 ὁμοῦ
1171 2742 1299 2799 διακό-

316 2843 376 2895 σιά
397 2843 472 2896 ἐστιν
493 2838 558 2904 ian
577 2841 628 2892 καὶ
647 2829 937 2922 τιτταςὰκοντοι
955 2845 994 2904 εἰς
1011 2845 1065 2894 τὸν
1080 2843 1146 2894 νυνὶ
1162 2841 1298 2916 παρόντα
1402 2905 1403 2926 ¹

315 2938 436 3013 χρόνον,
472 2935 652 2987 Haeooratio
669 2932 764 2986 habita
783 2941 822 2984 est
839 2932 882 2986 01.
895 2931 975 2992 CIX,
996 2949 1021 2986 ι.
1036 2933 1069 2985 V.
1085 2932 1187 2998 Taylor
1201 2933 1228 2984 in
1242 2934 1298 2984 No-
1402 2951 1403 3012 }

287 3103 293 3112 ι
316 3029 350 3083 tis
370 3030 404 3080 ad
420 3029 562 3081 Demosth.
580 3021 647 3084 orat.
664 3031 725 3106 περὶ
744 3026 925 3104 Παραπρεσβ.
942 3043 968 3095 p.
985 3027 1044 3079 308.
1070 3025 1199 3079 Solonem
1215 3026 1300 3094 igitur
1325 3102 1328 3110 1
1402 3069 1403 3072 ,

315 3126 435 3178 floruisse
455 3132 610 3195 oportuerat
631 3125 673 3178 ΟΙ.
692 3121 742 3188 lh,
759 3138 790 3184 ι,
811 3119 1001 3172 duodecennio
1026 3120 1083 3173 sere
1107 3122 1199 3174 serius.
1236 3123 1298 3175 Hoc
1402 3125 1403 3136 ¹

242 3269 244 3278 .
274 3207 286 3220 .
314 3237 425 3306 quoque
452 3229 558 3290 tempus
585 3225 691 3289 spectat
718 3215 752 3267 ad
778 3213 888 3291 Solonis
914 3213 1021 3266 florenis
1049 3223 1218 3287 quamquam
1238 3232 1298 3269 non

309 3335 434 3388 possum,
464 3315 531 3386 quin
550 3311 662 3372 Meursii
683 3313 719 3386 (p.
737 3311 814 3382 1062)
838 3310 1012 3364 coniecturae
1039 3311 1185 3386 accedam,
1213 3309 1297 3362 indu-

312 3422 390 3475 ctus,
408 3419 468 3463 tum
484 3408 635 3462 rationibus
654 3406 687 3458 ab
709 3406 759 3457 illo
777 3405 883 3466 allatis,
910 3400 969 3461 trim
986 3422 1111 3472 maxime
1121 3411 1229 3474 propter
1242 3422 1296 3456 ιιιι

311 3524 432 3569 merum,
459 3515 490 3560 ut
507 3507 547 3559 ita
566 3507 672 3565 dicam,
699 3502 846 3554 rotundum
866 3501 1041 3573 eundemque
1059 3499 1098 3552 rei
1118 3497 1294 3567 aptissimum.

308 3703 413 3776 mutato
425 3695 492 3747 inN.
526 3695 584 3748 Iam
599 3694 720 3764 denique
733 3692 828 3745 Cicero
846 3693 920 3744 Brut.
941 3709 970 3742 ιο
990 3691 1117 3766 Solonem
1131 3696 1159 3740 et
1173 3686 1295 3740 Pisistra-

264 3804 266 3813 '
308 3799 366 3842 tum
396 3760 489 3844 Servio
524 3790 617 3842 ΤιιΙΙίο
646 3788 657 3850 4
666 3785 853 3856 0149-60)
883 3791 1026 3868 regnante
1045 3783 1161 3850 viguisse
1192 3789 1292 3834 narrat.

308 3888 419 3940 Verum
427 3887 481 3940 hot
504 3885 567 3939 loco
583 3884 679 3938 Cicero
704 3881 752 3934 ad
750 3881 887 3935 Pisistrati
904 3879 995 3953 potius
1012 3878 1183 3947 tyrannidem
1200 3892 1295 3956 respe-

307 3979 379 4036 xisse
393 3982 517 4046 videtur,
538 3982 630 4040 cuius
625 3977 710 4033 initio
724 3949 796 4032 illud
813 3987 918 4050 tempus
935 3977 999 4031 satis
1016 3985 1079 4048 apte
1095 3973 1249 4050 respondet

311 3603 426 3667 Legatur
449 3603 558 3673 itaque:
582 3599 818 3655 ’διακόσιιίὲστιν
840 3596 1230 3663 irnsasnsrrusorsa
1263 3593 1294 3644 Μ

1402 4481 1403 4530 i
