<?xml version="1.0" encoding="UTF-8"?>
<!DOCTYPE html PUBLIC "-//W3C//DTD XHTML 1.0 Transitional//EN"
    "http://www.w3.org/TR/xhtml1/DTD/xhtml1-transitional.dtd">
<html xmlns="http://www.w3.org/1999/xhtml" xml:lang="en" lang="en">
 <head>
  <title>
</title>
<meta http-equiv="Content-Type" content="text/html;charset=utf-8" />
  <meta name='ocr-system' content='tesseract 3.04.00' />
  <meta name='ocr-capabilities' content='ocr_page ocr_carea ocr_par ocr_line ocrx_word'/>
</head>
<body>
  <div class='ocr_page' id='page_1' title='image "./carminumquaesup01sologoog_0020.png"; bbox 0 0 2840 4682; ppageno 0'>
   <div class='ocr_carea' id='block_1_1' title="bbox 443 346 682 422">
    <p class='ocr_par' dir='ltr' id='par_1_1' title="bbox 443 325 682 422">
     <span class='ocr_line' id='line_1_1' title="bbox 443 346 682 422; baseline -0.004 1"><span class='ocrx_word' id='word_1_1' title='bbox 443 346 682 422; x_wconf 85' lang='lat'>··..⁷</span> 
     </span>
    </p>
   </div>
   <div class='ocr_carea' id='block_1_2' title="bbox 121 504 1215 1148">
    <p class='ocr_par' dir='ltr' id='par_1_2' title="bbox 121 504 1215 1148">
     <span class='ocr_line' id='line_1_2' title="bbox 127 504 1215 609; baseline -0.011 -19"><span class='ocrx_word' id='word_1_2' title='bbox 127 529 166 590; x_wconf 88' lang='lat' dir='ltr'><strong>ad</strong></span> <span class='ocrx_word' id='word_1_3' title='bbox 191 516 424 609; x_wconf 75' lang='lat' dir='ltr'><strong>Plailncyprum.</strong></span> <span class='ocrx_word' id='word_1_4' title='bbox 475 525 629 604; x_wconf 76' lang='lat' dir='ltr'><strong>Versibus</strong></span> <span class='ocrx_word' id='word_1_5' title='bbox 652 523 848 595; x_wconf 79' lang='lat' dir='ltr'><strong>hexametris</strong></span> <span class='ocrx_word' id='word_1_6' title='bbox 871 517 1112 608; x_wconf 69' lang='lat' dir='ltr'><strong>anaaumemnda</strong></span> <span class='ocrx_word' id='word_1_7' title='bbox 1136 504 1215 600; x_wconf 68' lang='lat' dir='ltr'><strong>sunt</strong></span> 
     </span>
     <span class='ocr_line' id='line_1_3' title="bbox 126 627 1211 713; baseline -0.01 -16"><span class='ocrx_word' id='word_1_8' title='bbox 126 637 191 698; x_wconf 90' lang='lat' dir='ltr'><strong>duo</strong></span> <span class='ocrx_word' id='word_1_9' title='bbox 213 635 373 713; x_wconf 82' lang='lat' dir='ltr'><strong>carmina,</strong></span> <span class='ocrx_word' id='word_1_10' title='bbox 396 633 543 695; x_wconf 88' lang='lat' dir='ltr'><strong>inchoata</strong></span> <span class='ocrx_word' id='word_1_11' title='bbox 567 633 792 701; x_wconf 77' lang='lat' dir='ltr'><strong>tantummodo,</strong></span> <span class='ocrx_word' id='word_1_12' title='bbox 808 655 826 691; x_wconf 90' lang='lat' dir='ltr'><strong>a</strong></span> <span class='ocrx_word' id='word_1_13' title='bbox 844 628 981 705; x_wconf 77' lang='lat' dir='ltr'><strong>Solone,</strong></span> <span class='ocrx_word' id='word_1_14' title='bbox 1004 627 1099 713; x_wconf 77' lang='lat' dir='ltr'><strong>Leges</strong></span> <span class='ocrx_word' id='word_1_15' title='bbox 1113 635 1211 710; x_wconf 62' lang='lat' dir='ltr'><strong>gitque-</strong></span> 
     </span>
     <span class='ocr_line' id='line_1_4' title="bbox 126 721 1209 826; baseline -0.008 -26"><span class='ocrx_word' id='word_1_16' title='bbox 126 744 281 819; x_wconf 81' lang='lat' dir='ltr'><strong>Atlantis,</strong></span> <span class='ocrx_word' id='word_1_17' title='bbox 314 740 440 826; x_wconf 87' lang='lat' dir='ltr'><strong>epicum</strong></span> <span class='ocrx_word' id='word_1_18' title='bbox 471 761 608 800; x_wconf 88' lang='lat' dir='ltr'><strong>carmen.</strong></span> <span class='ocrx_word' id='word_1_19' title='bbox 659 741 779 820; x_wconf 82' lang='lat' dir='ltr'><strong>Versus</strong></span> <span class='ocrx_word' id='word_1_20' title='bbox 809 721 1209 824; x_wconf 40' lang='lat' dir='ltr'><strong>trochaicos&#39;tetrametros</strong></span> 
     </span>
     <span class='ocr_line' id='line_1_5' title="bbox 125 847 1210 936; baseline -0.013 -24"><span class='ocrx_word' id='word_1_21' title='bbox 125 850 346 926; x_wconf 68' lang='lat' dir='ltr'><strong>catalecticos,</strong></span> <span class='ocrx_word' id='word_1_22' title='bbox 369 856 448 930; x_wconf 87' lang='lat' dir='ltr'><strong>quot</strong></span> <span class='ocrx_word' id='word_1_23' title='bbox 462 847 592 928; x_wconf 86' lang='lat' dir='ltr'><strong>quidem</strong></span> <span class='ocrx_word' id='word_1_24' title='bbox 606 847 645 906; x_wconf 89' lang='lat' dir='ltr'><strong>nd</strong></span> <span class='ocrx_word' id='word_1_25' title='bbox 664 857 802 916; x_wconf 84' lang='lat' dir='ltr'><strong>nostram</strong></span> <span class='ocrx_word' id='word_1_26' title='bbox 824 857 958 906; x_wconf 86' lang='lat' dir='ltr'><strong>aetatem</strong></span> <span class='ocrx_word' id='word_1_27' title='bbox 979 849 1210 936; x_wconf 81' lang='lat' dir='ltr'><strong>pervenerunt,</strong></span> 
     </span>
     <span class='ocr_line' id='line_1_6' title="bbox 121 941 1207 1036; baseline -0.009 -19"><span class='ocrx_word' id='word_1_28' title='bbox 121 957 164 1024; x_wconf 85' lang='lat' dir='ltr'><strong>¹ad</strong></span> <span class='ocrx_word' id='word_1_29' title='bbox 198 959 333 1018; x_wconf 78' lang='lat' dir='ltr'><strong>Plancum</strong></span> <span class='ocrx_word' id='word_1_30' title='bbox 358 954 518 1036; x_wconf 82' lang='lat' dir='ltr'>quendam</span> <span class='ocrx_word' id='word_1_31' title='bbox 542 954 686 1036; x_wconf 82' lang='lat' dir='ltr'><strong>scripsit,</strong></span> <span class='ocrx_word' id='word_1_32' title='bbox 720 941 877 1030; x_wconf 79' lang='lat' dir='ltr'><strong>versibus·</strong></span> <span class='ocrx_word' id='word_1_33' title='bbox 896 951 1041 1012; x_wconf 84' lang='lat' dir='ltr'><strong>iambicis</strong></span> <span class='ocrx_word' id='word_1_34' title='bbox 1070 949 1207 1010; x_wconf 82' lang='lat' dir='ltr'><strong>acatale-</strong></span> 
     </span>
     <span class='ocr_line' id='line_1_7' title="bbox 123 1041 1210 1148; baseline -0.012 -22"><span class='ocrx_word' id='word_1_35' title='bbox 123 1066 182 1126; x_wconf 86' lang='lat' dir='ltr'><strong>ctis</strong></span> <span class='ocrx_word' id='word_1_36' title='bbox 207 1064 375 1124; x_wconf 79' lang='lat' dir='ltr'><strong>maximam</strong></span> <span class='ocrx_word' id='word_1_37' title='bbox 398 1041 521 1145; x_wconf 81' lang='lat' dir='ltr'><strong>partem</strong></span> <span class='ocrx_word' id='word_1_38' title='bbox 543 1075 756 1148; x_wconf 81' lang='lat' dir='ltr'><strong>persequutus</strong></span> <span class='ocrx_word' id='word_1_39' title='bbox 775 1071 821 1125; x_wconf 89' lang='lat' dir='ltr'><strong>est</strong></span> <span class='ocrx_word' id='word_1_40' title='bbox 841 1061 939 1143; x_wconf 90' lang='lat' dir='ltr'><strong>ipsius</strong></span> <span class='ocrx_word' id='word_1_41' title='bbox 964 1059 1004 1120; x_wconf 93' lang='lat' dir='ltr'><strong>de</strong></span> <span class='ocrx_word' id='word_1_42' title='bbox 1027 1058 1128 1140; x_wconf 89' lang='lat' dir='ltr'><strong>patria</strong></span> <span class='ocrx_word' id='word_1_43' title='bbox 1146 1077 1210 1114; x_wconf 90' lang='lat' dir='ltr'><strong>me·</strong></span> 
     </span>
    </p>
   </div>
   <div class='ocr_carea' id='block_1_3' title="bbox 18 1161 1258 1470">
    <p class='ocr_par' dir='ltr' id='par_1_3' title="bbox 18 1161 1258 1470">
     <span class='ocr_line' id='line_1_8' title="bbox 18 1161 1208 1258; baseline -0.009 -25"><span class='ocrx_word' id='word_1_44' title='bbox 18 1232 21 1244; x_wconf 72' lang='grc'><strong>,</strong></span> <span class='ocrx_word' id='word_1_45' title='bbox 122 1172 202 1249; x_wconf 87' lang='lat' dir='ltr'><strong>rita,</strong></span> <span class='ocrx_word' id='word_1_46' title='bbox 230 1167 347 1232; x_wconf 89' lang='lat' dir='ltr'><strong>deinde</strong></span> <span class='ocrx_word' id='word_1_47' title='bbox 369 1169 464 1231; x_wconf 89' lang='lat' dir='ltr'><strong>etiam</strong></span> <span class='ocrx_word' id='word_1_48' title='bbox 488 1183 710 1254; x_wconf 83' lang='lat' dir='ltr'><strong>argumentum</strong></span> <span class='ocrx_word' id='word_1_49' title='bbox 733 1171 771 1258; x_wconf 85' lang='lat' dir='ltr'><strong>ab</strong></span> <span class='ocrx_word' id='word_1_50' title='bbox 795 1172 857 1232; x_wconf 89' lang='lat' dir='ltr'><strong>hoc</strong></span> <span class='ocrx_word' id='word_1_51' title='bbox 877 1163 1149 1240; x_wconf 83' lang='lat' dir='ltr'><strong>diversissimum,</strong></span> <span class='ocrx_word' id='word_1_52' title='bbox 1169 1161 1208 1223; x_wconf 88' lang='lat' dir='ltr'><strong>de</strong></span> 
     </span>
     <span class='ocr_line' id='line_1_9' title="bbox 122 1255 1219 1362; baseline -0.007 -22"><span class='ocrx_word' id='word_1_53' title='bbox 122 1277 536 1346; x_wconf 78' lang='lat' dir='ltr'><strong>alinaentorum&#39;bominum</strong></span> <span class='ocrx_word' id='word_1_54' title='bbox 561 1269 592 1343; x_wconf 82' lang='lat' dir='ltr'><strong>el</strong></span> <span class='ocrx_word' id='word_1_55' title='bbox 617 1279 764 1344; x_wconf 78' lang='lat' dir='ltr'><strong>luxuriae</strong></span> <span class='ocrx_word' id='word_1_56' title='bbox 793 1259 974 1362; x_wconf 81' lang='lat' dir='ltr'><strong>generibus.</strong></span> <span class='ocrx_word' id='word_1_57' title='bbox 1024 1275 1112 1352; x_wconf 84' lang='lat' dir='ltr'><strong>Quos</strong></span> <span class='ocrx_word' id='word_1_58' title='bbox 1139 1255 1219 1332; x_wconf 35' lang='lat' dir='ltr'><strong>leui*</strong></span> 
     </span>
     <span class='ocr_line' id='line_1_10' title="bbox 123 1380 1258 1470; baseline -0.005 -22"><span class='ocrx_word' id='word_1_59' title='bbox 123 1387 336 1470; x_wconf 53' lang='lat' dir='ltr'><strong>dat1Epodos</strong></span> <span class='ocrx_word' id='word_1_60' title='bbox 355 1387 518 1470; x_wconf 82' lang='lat' dir='ltr'><strong>Diogenes</strong></span> <span class='ocrx_word' id='word_1_61' title='bbox 541 1388 705 1463; x_wconf 34' lang='lat' dir='ltr'><strong>*Laenium</strong></span> <span class='ocrx_word' id='word_1_62' title='bbox 738 1387 859 1446; x_wconf 70' lang='lat' dir='ltr'><strong>luorum</strong></span> <span class='ocrx_word' id='word_1_63' title='bbox 883 1383 1017 1444; x_wconf 77' lang='lat' dir='ltr'><strong>aliunde</strong></span> <span class='ocrx_word' id='word_1_64' title='bbox 1044 1380 1209 1442; x_wconf 81' lang='lat' dir='ltr'><strong>notionem</strong></span> <span class='ocrx_word' id='word_1_65' title='bbox 1253 1420 1258 1434; x_wconf 83' lang='lat'><em>.</em></span> 
     </span>
    </p>
   </div>
   <div class='ocr_carea' id='block_1_4' title="bbox 22 1471 1210 1574">
    <p class='ocr_par' dir='ltr' id='par_1_4' title="bbox 22 1471 1210 1574">
     <span class='ocr_line' id='line_1_11' title="bbox 22 1471 1210 1574; baseline -0.008 -20"><span class='ocrx_word' id='word_1_66' title='bbox 22 1532 29 1542; x_wconf 42' lang='grc' dir='ltr'>ι</span> <span class='ocrx_word' id='word_1_67' title='bbox 75 1485 82 1490; x_wconf 67' lang='grc'><strong>’</strong></span> <span class='ocrx_word' id='word_1_68' title='bbox 121 1495 275 1556; x_wconf 86' lang='lat' dir='ltr'><strong>habemus</strong></span> <span class='ocrx_word' id='word_1_69' title='bbox 290 1495 429 1556; x_wconf 81' lang='lat' dir='ltr'><strong>nullam:</strong></span> <span class='ocrx_word' id='word_1_70' title='bbox 442 1496 498 1556; x_wconf 88' lang='lat' dir='ltr'><strong>sed</strong></span> <span class='ocrx_word' id='word_1_71' title='bbox 512 1487 649 1564; x_wconf 76' lang='lat' dir='ltr'><strong>servavit</strong></span> <span class='ocrx_word' id='word_1_72' title='bbox 661 1497 746 1557; x_wconf 87' lang='lat' dir='ltr'><strong>idem</strong></span> <span class='ocrx_word' id='word_1_73' title='bbox 760 1471 1062 1574; x_wconf 80' lang='lat' dir='ltr'><strong>saoliumquoddnm</strong></span> <span class='ocrx_word' id='word_1_74' title='bbox 1071 1485 1210 1549; x_wconf 83' lang='lat' dir='ltr'><strong>Solonis.</strong></span> 
     </span>
    </p>
   </div>
   <div class='ocr_carea' id='block_1_5' title="bbox 316 1752 1248 1870">
    <p class='ocr_par' dir='ltr' id='par_1_5' title="bbox 316 1752 1248 1870">
     <span class='ocr_line' id='line_1_12' title="bbox 316 1752 1248 1870; baseline -0.002 -34"><span class='ocrx_word' id='word_1_75' title='bbox 316 1754 344 1836; x_wconf 95' lang='lat' dir='ltr'><em>I</em></span> <span class='ocrx_word' id='word_1_76' title='bbox 345 1767 352 1835; x_wconf 74' lang='grc' dir='ltr'>ζ</span> <span class='ocrx_word' id='word_1_77' title='bbox 416 1755 485 1836; x_wconf 89' lang='lat' dir='ltr'><strong>De</strong></span> <span class='ocrx_word' id='word_1_78' title='bbox 516 1752 771 1840; x_wconf 76' lang='lat' dir='ltr'><strong>carminibus</strong></span> <span class='ocrx_word' id='word_1_79' title='bbox 802 1755 1029 1870; x_wconf 76' lang='lat' dir='ltr'><strong>elegiacis·</strong></span> <span class='ocrx_word' id='word_1_80' title='bbox 1196 1793 1197 1798; x_wconf 42' lang='lat'>¹</span> <span class='ocrx_word' id='word_1_81' title='bbox 1245 1787 1248 1794; x_wconf 79' lang='grc'>’</span> 
     </span>
    </p>
   </div>
   <div class='ocr_carea' id='block_1_6' title="bbox 201 2017 1294 2103">
    <p class='ocr_par' dir='ltr' id='par_1_6' title="bbox 201 2017 1294 2103">
     <span class='ocr_line' id='line_1_13' title="bbox 201 2017 1294 2103; baseline -0.003 -22"><span class='ocrx_word' id='word_1_82' title='bbox 201 2019 355 2102; x_wconf 83' lang='lat' dir='ltr'><strong>Quamvis</strong></span> <span class='ocrx_word' id='word_1_83' title='bbox 382 2043 447 2082; x_wconf 92' lang='lat' dir='ltr'><strong>non</strong></span> <span class='ocrx_word' id='word_1_84' title='bbox 470 2017 566 2103; x_wconf 84' lang='lat' dir='ltr'><strong>plane</strong></span> <span class='ocrx_word' id='word_1_85' title='bbox 585 2024 728 2085; x_wconf 85' lang='lat' dir='ltr'><strong>alienum</strong></span> <span class='ocrx_word' id='word_1_86' title='bbox 750 2024 791 2085; x_wconf 89' lang='lat' dir='ltr'><strong>sit</strong></span> <span class='ocrx_word' id='word_1_87' title='bbox 813 2025 852 2084; x_wconf 81' lang='lat' dir='ltr'><strong>ab</strong></span> <span class='ocrx_word' id='word_1_88' title='bbox 873 2023 935 2084; x_wconf 90' lang='lat' dir='ltr'><strong>hoc</strong></span> <span class='ocrx_word' id='word_1_89' title='bbox 958 2024 1047 2100; x_wconf 84' lang='lat' dir='ltr'><strong>loco,</strong></span> <span class='ocrx_word' id='word_1_90' title='bbox 1078 2021 1117 2082; x_wconf 90' lang='lat' dir='ltr'><strong>de</strong></span> <span class='ocrx_word' id='word_1_91' title='bbox 1140 2019 1205 2080; x_wconf 88' lang='lat' dir='ltr'><strong>ori·</strong></span> <span class='ocrx_word' id='word_1_92' title='bbox 1291 2088 1294 2102; x_wconf 34' lang='grc' dir='ltr'><strong><em>Ι</em></strong></span> 
     </span>
    </p>
   </div>
   <div class='ocr_carea' id='block_1_7' title="bbox 63 2121 1209 2861">
    <p class='ocr_par' dir='ltr' id='par_1_7' title="bbox 63 2121 1209 2861">
     <span class='ocr_line' id='line_1_14' title="bbox 120 2121 1207 2218; baseline -0.002 -28"><span class='ocrx_word' id='word_1_93' title='bbox 120 2129 194 2218; x_wconf 82' lang='lat' dir='ltr'><strong>gine</strong></span> <span class='ocrx_word' id='word_1_94' title='bbox 216 2127 366 2190; x_wconf 84' lang='lat' dir='ltr'><strong>carminis</strong></span> <span class='ocrx_word' id='word_1_95' title='bbox 393 2121 527 2214; x_wconf 76' lang='lat' dir='ltr'><strong>elegiaci</strong></span> <span class='ocrx_word' id='word_1_96' title='bbox 550 2131 709 2212; x_wconf 82' lang='lat' dir='ltr'><strong>copiosius</strong></span> <span class='ocrx_word' id='word_1_97' title='bbox 730 2132 912 2213; x_wconf 87' lang='lat' dir='ltr'><strong>disputare,</strong></span> <span class='ocrx_word' id='word_1_98' title='bbox 942 2140 1047 2192; x_wconf 86' lang='lat' dir='ltr'><strong>tamen</strong></span> <span class='ocrx_word' id='word_1_99' title='bbox 1072 2139 1207 2214; x_wconf 83' lang='lat' dir='ltr'><strong>propter</strong></span> 
     </span>
     <span class='ocr_line' id='line_1_15' title="bbox 118 2217 1204 2320; baseline -0.003 -22"><span class='ocrx_word' id='word_1_100' title='bbox 118 2237 272 2320; x_wconf 85' lang='lat' dir='ltr'><strong>temporis</strong></span> <span class='ocrx_word' id='word_1_101' title='bbox 290 2239 451 2320; x_wconf 87' lang='lat' dir='ltr'><strong>angustias</strong></span> <span class='ocrx_word' id='word_1_102' title='bbox 469 2217 659 2316; x_wconf 67' lang='lat' dir='ltr'><strong>hancrem,</strong></span> <span class='ocrx_word' id='word_1_103' title='bbox 682 2247 768 2298; x_wconf 87' lang='lat' dir='ltr'><strong>certe</strong></span> <span class='ocrx_word' id='word_1_104' title='bbox 788 2219 1021 2320; x_wconf 80' lang='lat' dir='ltr'><strong>gravissimam,</strong></span> <span class='ocrx_word' id='word_1_105' title='bbox 1045 2237 1139 2298; x_wconf 90' lang='lat' dir='ltr'><strong>modo</strong></span> <span class='ocrx_word' id='word_1_106' title='bbox 1155 2257 1204 2296; x_wconf 79' lang='lat' dir='ltr'><strong>ex·</strong></span> 
     </span>
     <span class='ocr_line' id='line_1_16' title="bbox 118 2342 1209 2428; baseline -0.002 -24"><span class='ocrx_word' id='word_1_107' title='bbox 118 2345 245 2421; x_wconf 87' lang='lat' dir='ltr'><strong>tremis,</strong></span> <span class='ocrx_word' id='word_1_108' title='bbox 267 2345 455 2418; x_wconf 88' lang='lat' dir='ltr'><strong>utdicunt‚</strong></span> <span class='ocrx_word' id='word_1_109' title='bbox 486 2343 594 2428; x_wconf 87' lang='lat' dir='ltr'><strong>digitis</strong></span> <span class='ocrx_word' id='word_1_110' title='bbox 611 2344 813 2428; x_wconf 83' lang='lat' dir='ltr'><strong>attingamus.</strong></span> <span class='ocrx_word' id='word_1_111' title='bbox 858 2343 1090 2421; x_wconf 68' lang='lat' dir='ltr'><strong>Hn&#39;c‘accedit,</strong></span> <span class='ocrx_word' id='word_1_112' title='bbox 1121 2342 1209 2424; x_wconf 91' lang='lat' dir='ltr'><strong>quod</strong></span> 
     </span>
     <span class='ocr_line' id='line_1_17' title="bbox 118 2429 1208 2534; baseline -0.004 -22"><span class='ocrx_word' id='word_1_113' title='bbox 118 2449 317 2534; x_wconf 87' lang='lat' dir='ltr'><strong>aliquamdiu</strong></span> <span class='ocrx_word' id='word_1_114' title='bbox 349 2452 504 2512; x_wconf 86' lang='lat' dir='ltr'><strong>laetamur</strong></span> <span class='ocrx_word' id='word_1_115' title='bbox 534 2458 581 2523; x_wconf 80' lang='lat' dir='ltr'><strong>Io.</strong></span> <span class='ocrx_word' id='word_1_116' title='bbox 610 2429 716 2520; x_wconf 74' lang='lat' dir='ltr'><strong>Valer.</strong></span> <span class='ocrx_word' id='word_1_117' title='bbox 743 2451 892 2512; x_wconf 81' lang='lat' dir='ltr'><strong>Franclrii</strong></span> <span class='ocrx_word' id='word_1_118' title='bbox 917 2433 1208 2526; x_wconf 79' lang='lat' dir='ltr'><strong>commentatione,</strong></span> 
     </span>
     <span class='ocr_line' id='line_1_18' title="bbox 120 2556 1205 2644; baseline -0.003 -25"><span class='ocrx_word' id='word_1_119' title='bbox 120 2582 202 2644; x_wconf 87' lang='lat' dir='ltr'><strong>quae</strong></span> <span class='ocrx_word' id='word_1_120' title='bbox 235 2559 423 2622; x_wconf 73' lang='lat' dir='ltr'><strong>inscribitur</strong></span> <span class='ocrx_word' id='word_1_121' title='bbox 455 2559 611 2640; x_wconf 76' lang='lat' dir='ltr'><strong>Collinas,</strong></span> <span class='ocrx_word' id='word_1_122' title='bbox 652 2563 833 2623; x_wconf 88' lang='lat' dir='ltr'><strong>doctissima</strong></span> <span class='ocrx_word' id='word_1_123' title='bbox 865 2561 997 2644; x_wconf 90' lang='lat' dir='ltr'><strong>quidem</strong></span> <span class='ocrx_word' id='word_1_124' title='bbox 1032 2559 1114 2634; x_wconf 88' lang='lat' dir='ltr'><strong>illa,</strong></span> <span class='ocrx_word' id='word_1_125' title='bbox 1148 2556 1205 2617; x_wconf 90' lang='lat' dir='ltr'><strong>sed</strong></span> 
     </span>
     <span class='ocr_line' id='line_1_19' title="bbox 121 2649 1208 2753; baseline -0.006 -27"><span class='ocrx_word' id='word_1_126' title='bbox 121 2649 220 2748; x_wconf 86' lang='lat' dir='ltr'><strong>quum</strong></span> <span class='ocrx_word' id='word_1_127' title='bbox 244 2665 283 2726; x_wconf 89' lang='lat' dir='ltr'><strong>ad</strong></span> <span class='ocrx_word' id='word_1_128' title='bbox 303 2668 399 2728; x_wconf 82' lang='lat' dir='ltr'><strong>finem</strong></span> <span class='ocrx_word' id='word_1_129' title='bbox 417 2678 598 2753; x_wconf 82' lang='lat' dir='ltr'><strong>spectatur,</strong></span> <span class='ocrx_word' id='word_1_130' title='bbox 622 2671 731 2732; x_wconf 80' lang='lat' dir='ltr'><strong>neseio</strong></span> <span class='ocrx_word' id='word_1_131' title='bbox 754 2681 859 2734; x_wconf 85' lang='lat' dir='ltr'><strong>tamen</strong></span> <span class='ocrx_word' id='word_1_132' title='bbox 882 2692 921 2729; x_wconf 90' lang='lat' dir='ltr'><strong>au</strong></span> <span class='ocrx_word' id='word_1_133' title='bbox 948 2691 1012 2730; x_wconf 91' lang='lat' dir='ltr'><strong>non</strong></span> <span class='ocrx_word' id='word_1_134' title='bbox 1035 2667 1150 2726; x_wconf 88' lang='lat' dir='ltr'><strong>fallace</strong></span> <span class='ocrx_word' id='word_1_135' title='bbox 1177 2669 1208 2721; x_wconf 90' lang='lat' dir='ltr'><strong>et</strong></span> 
     </span>
     <span class='ocr_line' id='line_1_20' title="bbox 63 2771 437 2861; baseline 0.011 -31"><span class='ocrx_word' id='word_1_136' title='bbox 63 2849 66 2858; x_wconf 88' lang='lat'><em>.</em></span> <span class='ocrx_word' id='word_1_137' title='bbox 121 2794 236 2832; x_wconf 87' lang='lat' dir='ltr'><strong>avero</strong></span> <span class='ocrx_word' id='word_1_138' title='bbox 258 2771 437 2861; x_wconf 66' lang='lat' dir='ltr'><strong>aberrante]</strong></span> 
     </span>
    </p>
   </div>
   <div class='ocr_carea' id='block_1_8' title="bbox 204 2878 1297 2970">
    <p class='ocr_par' dir='ltr' id='par_1_8' title="bbox 204 2878 1297 2970">
     <span class='ocr_line' id='line_1_21' title="bbox 204 2878 1297 2970; baseline -0.004 -28"><span class='ocrx_word' id='word_1_139' title='bbox 204 2881 410 2942; x_wconf 87' lang='lat' dir='ltr'><strong>Inventorem</strong></span> <span class='ocrx_word' id='word_1_140' title='bbox 428 2879 537 2946; x_wconf 85' lang='lat' dir='ltr'><strong>versus</strong></span> <span class='ocrx_word' id='word_1_141' title='bbox 549 2883 744 2963; x_wconf 81' lang='lat' dir='ltr'><strong>hexametri,</strong></span> <span class='ocrx_word' id='word_1_142' title='bbox 767 2909 863 2970; x_wconf 86' lang='lat' dir='ltr'><strong>quem</strong></span> <span class='ocrx_word' id='word_1_143' title='bbox 878 2884 1015 2970; x_wconf 88' lang='lat' dir='ltr'><strong>primum</strong></span> <span class='ocrx_word' id='word_1_144' title='bbox 1030 2878 1228 2944; x_wconf 88' lang='lat' dir='ltr'><strong>adhibitum·</strong></span> <span class='ocrx_word' id='word_1_145' title='bbox 1295 2929 1297 2938; x_wconf 93' lang='lat'><em>.</em></span> 
     </span>
    </p>
   </div>
   <div class='ocr_carea' id='block_1_9' title="bbox 50 2987 1210 3184">
    <p class='ocr_par' dir='ltr' id='par_1_9' title="bbox 50 2987 1210 3184">
     <span class='ocr_line' id='line_1_22' title="bbox 50 2987 1210 3079; baseline -0.006 -24"><span class='ocrx_word' id='word_1_146' title='bbox 50 3033 52 3041; x_wconf 40' lang='grc' dir='ltr'><strong><em>ι</em></strong></span> <span class='ocrx_word' id='word_1_147' title='bbox 121 2991 267 3055; x_wconf 86' lang='lat' dir='ltr'><strong>videmus</strong></span> <span class='ocrx_word' id='word_1_148' title='bbox 288 2989 322 3054; x_wconf 79' lang='lat' dir='ltr'><strong>in</strong></span> <span class='ocrx_word' id='word_1_149' title='bbox 337 2989 532 3052; x_wconf 87' lang='lat' dir='ltr'><strong>carminibus</strong></span> <span class='ocrx_word' id='word_1_150' title='bbox 550 2990 706 3072; x_wconf 88' lang='lat' dir='ltr'><strong>heroicis,</strong></span> <span class='ocrx_word' id='word_1_151' title='bbox 729 2993 872 3056; x_wconf 87' lang='lat' dir='ltr'><strong>indicare</strong></span> <span class='ocrx_word' id='word_1_152' title='bbox 888 2993 1007 3079; x_wconf 89' lang='lat' dir='ltr'><strong>poterit</strong></span> <span class='ocrx_word' id='word_1_153' title='bbox 1023 3003 1128 3052; x_wconf 85' lang='lat' dir='ltr'><strong>nemo.</strong></span> <span class='ocrx_word' id='word_1_154' title='bbox 1162 2987 1210 3048; x_wconf 87' lang='lat' dir='ltr'><strong>si-</strong></span> 
     </span>
     <span class='ocr_line' id='line_1_23' title="bbox 121 3097 1209 3184; baseline -0.006 -23"><span class='ocrx_word' id='word_1_155' title='bbox 121 3109 177 3162; x_wconf 87' lang='lat' dir='ltr'><strong>cut</strong></span> <span class='ocrx_word' id='word_1_156' title='bbox 194 3101 298 3177; x_wconf 86' lang='lat' dir='ltr'><strong>fetus,</strong></span> <span class='ocrx_word' id='word_1_157' title='bbox 326 3105 419 3157; x_wconf 89' lang='lat' dir='ltr'><strong>utero</strong></span> <span class='ocrx_word' id='word_1_158' title='bbox 439 3098 547 3161; x_wconf 85' lang='lat' dir='ltr'><strong>matris</strong></span> <span class='ocrx_word' id='word_1_159' title='bbox 568 3099 712 3162; x_wconf 85' lang='lat' dir='ltr'><strong>inclusus</strong></span> <span class='ocrx_word' id='word_1_160' title='bbox 724 3147 732 3177; x_wconf 92' lang='lat'><strong>,</strong></span> <span class='ocrx_word' id='word_1_161' title='bbox 755 3103 876 3162; x_wconf 81' lang='lat' dir='ltr'><strong>formae</strong></span> <span class='ocrx_word' id='word_1_162' title='bbox 896 3099 1029 3184; x_wconf 88' lang='lat' dir='ltr'><strong>quidem</strong></span> <span class='ocrx_word' id='word_1_163' title='bbox 1052 3097 1209 3183; x_wconf 85' lang='lat' dir='ltr'><strong>pulcritu-</strong></span> 
     </span>
    </p>
   </div>
   <div class='ocr_carea' id='block_1_10' title="bbox 120 3197 1222 3297">
    <p class='ocr_par' dir='ltr' id='par_1_10' title="bbox 120 3197 1222 3297">
     <span class='ocr_line' id='line_1_24' title="bbox 120 3197 1222 3297; baseline -0.006 -29"><span class='ocrx_word' id='word_1_164' title='bbox 120 3207 231 3270; x_wconf 85' lang='lat' dir='ltr'><strong>dineln</strong></span> <span class='ocrx_word' id='word_1_165' title='bbox 251 3229 287 3269; x_wconf 89' lang='lat' dir='ltr'><strong>ac</strong></span> <span class='ocrx_word' id='word_1_166' title='bbox 310 3205 535 3290; x_wconf 82' lang='lat' dir='ltr'><strong>proceritatem</strong></span> <span class='ocrx_word' id='word_1_167' title='bbox 554 3205 651 3271; x_wconf 85' lang='lat' dir='ltr'><strong>habet</strong></span> <span class='ocrx_word' id='word_1_168' title='bbox 665 3197 804 3286; x_wconf 88' lang='lat' dir='ltr'><strong>nullam,</strong></span> <span class='ocrx_word' id='word_1_169' title='bbox 828 3210 1044 3270; x_wconf 88' lang='lat' dir='ltr'><strong>multatameu</strong></span> <span class='ocrx_word' id='word_1_170' title='bbox 1065 3219 1222 3297; x_wconf 52' lang='lat' dir='ltr'><strong>et‘venu-x</strong></span> 
     </span>
    </p>
   </div>
   <div class='ocr_carea' id='block_1_11' title="bbox 121 3306 1212 3942">
    <p class='ocr_par' dir='ltr' id='par_1_11' title="bbox 121 3306 1212 3942">
     <span class='ocr_line' id='line_1_25' title="bbox 123 3306 1208 3400; baseline -0.005 -26"><span class='ocrx_word' id='word_1_171' title='bbox 123 3315 209 3377; x_wconf 89' lang='lat' dir='ltr'><strong>statis</strong></span> <span class='ocrx_word' id='word_1_172' title='bbox 234 3324 265 3375; x_wconf 92' lang='lat' dir='ltr'><strong>et</strong></span> <span class='ocrx_word' id='word_1_173' title='bbox 295 3315 460 3400; x_wconf 88' lang='lat' dir='ltr'><strong>dignitatis</strong></span> <span class='ocrx_word' id='word_1_174' title='bbox 485 3316 695 3399; x_wconf 88' lang='lat' dir='ltr'><strong>omniumque</strong></span> <span class='ocrx_word' id='word_1_175' title='bbox 724 3317 877 3400; x_wconf 72' lang='lat' dir='ltr'><strong>virtutum</strong></span> <span class='ocrx_word' id='word_1_176' title='bbox 895 3306 937 3378; x_wconf 36' lang='lat' dir='ltr'><strong>&#39;in</strong></span> <span class='ocrx_word' id='word_1_177' title='bbox 968 3310 1035 3378; x_wconf 82' lang='lat' dir='ltr'><strong>sese</strong></span> <span class='ocrx_word' id='word_1_178' title='bbox 1063 3310 1208 3374; x_wconf 87' lang='lat' dir='ltr'><strong>continet</strong></span> 
     </span>
     <span class='ocr_line' id='line_1_26' title="bbox 121 3421 1209 3514; baseline -0.006 -30"><span class='ocrx_word' id='word_1_179' title='bbox 121 3421 261 3498; x_wconf 87' lang='lat' dir='ltr'><strong>semina,</strong></span> <span class='ocrx_word' id='word_1_180' title='bbox 284 3423 332 3484; x_wconf 84' lang='lat' dir='ltr'><strong>ita.</strong></span> <span class='ocrx_word' id='word_1_181' title='bbox 351 3425 466 3496; x_wconf 84' lang='lat' dir='ltr'><strong>mentis</strong></span> <span class='ocrx_word' id='word_1_182' title='bbox 487 3434 519 3488; x_wconf 90' lang='lat' dir='ltr'><strong>et</strong></span> <span class='ocrx_word' id='word_1_183' title='bbox 541 3425 665 3508; x_wconf 88' lang='lat' dir='ltr'><strong>ingenii</strong></span> <span class='ocrx_word' id='word_1_184' title='bbox 689 3425 930 3514; x_wconf 78' lang='lat' dir='ltr'><strong>procreationes</strong></span> <span class='ocrx_word' id='word_1_185' title='bbox 949 3424 1052 3486; x_wconf 87' lang='lat' dir='ltr'><strong>eidem</strong></span> <span class='ocrx_word' id='word_1_186' title='bbox 1076 3429 1209 3480; x_wconf 83' lang='lat' dir='ltr'><strong>naturae</strong></span> 
     </span>
     <span class='ocr_line' id='line_1_27' title="bbox 121 3525 1208 3614; baseline 0 -24"><span class='ocrx_word' id='word_1_187' title='bbox 121 3531 358 3598; x_wconf 85' lang='lat' dir='ltr'><strong>convenienter</strong></span> <span class='ocrx_word' id='word_1_188' title='bbox 377 3533 558 3614; x_wconf 73' lang='lat' dir='ltr'><strong>procedunt</strong></span> <span class='ocrx_word' id='word_1_189' title='bbox 579 3541 612 3596; x_wconf 88' lang='lat' dir='ltr'><strong>et</strong></span> <span class='ocrx_word' id='word_1_190' title='bbox 628 3533 767 3602; x_wconf 85' lang='lat' dir='ltr'><strong>occulte.</strong></span> <span class='ocrx_word' id='word_1_191' title='bbox 820 3532 918 3612; x_wconf 91' lang='lat' dir='ltr'><strong>Quod</strong></span> <span class='ocrx_word' id='word_1_192' title='bbox 938 3529 973 3590; x_wconf 91' lang='lat' dir='ltr'><strong>in</strong></span> <span class='ocrx_word' id='word_1_193' title='bbox 995 3528 1132 3613; x_wconf 82' lang='lat' dir='ltr'><strong>singulis</strong></span> <span class='ocrx_word' id='word_1_194' title='bbox 1152 3525 1208 3584; x_wconf 80' lang='lat' dir='ltr'><strong>ha·</strong></span> 
     </span>
     <span class='ocr_line' id='line_1_28' title="bbox 121 3635 1208 3724; baseline 0 -30"><span class='ocrx_word' id='word_1_195' title='bbox 121 3635 281 3715; x_wconf 86' lang='lat' dir='ltr'><strong>minibus,</strong></span> <span class='ocrx_word' id='word_1_196' title='bbox 308 3647 498 3724; x_wconf 83' lang='lat' dir='ltr'><strong>etonrpore</strong></span> <span class='ocrx_word' id='word_1_197' title='bbox 528 3650 560 3702; x_wconf 86' lang='lat' dir='ltr'><strong>et</strong></span> <span class='ocrx_word' id='word_1_198' title='bbox 587 3647 695 3703; x_wconf 87' lang='lat' dir='ltr'><strong>mente</strong></span> <span class='ocrx_word' id='word_1_199' title='bbox 727 3640 882 3724; x_wconf 84' lang='lat' dir='ltr'><strong>paulatim</strong></span> <span class='ocrx_word' id='word_1_200' title='bbox 909 3640 1208 3724; x_wconf 83' lang='lat' dir='ltr'><strong>progredientibus,</strong></span> 
     </span>
     <span class='ocr_line' id='line_1_29' title="bbox 121 3741 1210 3827; baseline 0.003 -26"><span class='ocrx_word' id='word_1_201' title='bbox 121 3743 207 3802; x_wconf 85' lang='lat' dir='ltr'><strong>idem</strong></span> <span class='ocrx_word' id='word_1_202' title='bbox 230 3745 417 3808; x_wconf 83' lang='lat' dir='ltr'><strong>observatur</strong></span> <span class='ocrx_word' id='word_1_203' title='bbox 436 3749 469 3810; x_wconf 91' lang='lat' dir='ltr'><strong>in</strong></span> <span class='ocrx_word' id='word_1_204' title='bbox 491 3749 716 3812; x_wconf 84' lang='lat' dir='ltr'><strong>communibus</strong></span> <span class='ocrx_word' id='word_1_205' title='bbox 740 3748 921 3810; x_wconf 82' lang='lat' dir='ltr'><strong>animorum</strong></span> <span class='ocrx_word' id='word_1_206' title='bbox 942 3758 975 3810; x_wconf 90' lang='lat' dir='ltr'><strong>et</strong></span> <span class='ocrx_word' id='word_1_207' title='bbox 995 3741 1210 3827; x_wconf 85' lang='lat' dir='ltr'><strong>artium&#39;quo·</strong></span> 
     </span>
     <span class='ocr_line' id='line_1_30' title="bbox 122 3851 1212 3942; baseline 0.006 -32"><span class='ocrx_word' id='word_1_208' title='bbox 122 3871 185 3932; x_wconf 91' lang='lat' dir='ltr'><strong>qne</strong></span> <span class='ocrx_word' id='word_1_209' title='bbox 223 3851 439 3917; x_wconf 85' lang='lat' dir='ltr'><strong>incrementis.</strong></span> <span class='ocrx_word' id='word_1_210' title='bbox 502 3859 706 3942; x_wconf 83' lang='lat' dir='ltr'><strong>Quapropter</strong></span> <span class='ocrx_word' id='word_1_211' title='bbox 742 3855 874 3918; x_wconf 89' lang='lat' dir='ltr'><strong>minime</strong></span> <span class='ocrx_word' id='word_1_212' title='bbox 911 3861 1133 3941; x_wconf 82' lang='lat' dir='ltr'><strong>quaerendum</strong></span> <span class='ocrx_word' id='word_1_213' title='bbox 1165 3866 1212 3918; x_wconf 85' lang='lat' dir='ltr'><strong>est</strong></span> 
     </span>
    </p>
   </div>
   <div class='ocr_carea' id='block_1_12' title="bbox 123 3959 1243 4054">
    <p class='ocr_par' dir='ltr' id='par_1_12' title="bbox 123 3959 1243 4054">
     <span class='ocr_line' id='line_1_31' title="bbox 123 3959 1243 4054; baseline 0.007 -36"><span class='ocrx_word' id='word_1_214' title='bbox 123 3959 235 4042; x_wconf 80' lang='lat' dir='ltr'><strong>etiam,</strong></span> <span class='ocrx_word' id='word_1_215' title='bbox 259 3961 390 4042; x_wconf 87' lang='lat' dir='ltr'><strong>quinam</strong></span> <span class='ocrx_word' id='word_1_216' title='bbox 411 3963 560 4025; x_wconf 82' lang='lat' dir='ltr'><strong>carminis</strong></span> <span class='ocrx_word' id='word_1_217' title='bbox 584 3965 717 4050; x_wconf 81' lang='lat' dir='ltr'><strong>elegiaci</strong></span> <span class='ocrx_word' id='word_1_218' title='bbox 741 3966 840 4029; x_wconf 83' lang='lat' dir='ltr'><strong>suerit</strong></span> <span class='ocrx_word' id='word_1_219' title='bbox 855 3966 1020 4054; x_wconf 63' lang='lat' dir='ltr'><strong>inventum</strong></span> <span class='ocrx_word' id='word_1_220' title='bbox 1043 3977 1074 4030; x_wconf 86' lang='lat' dir='ltr'><strong>ut</strong></span> <span class='ocrx_word' id='word_1_221' title='bbox 1096 3965 1211 4048; x_wconf 87' lang='lat' dir='ltr'><strong>siquis</strong></span> <span class='ocrx_word' id='word_1_222' title='bbox 1240 3973 1243 3979; x_wconf 89' lang='lat'>&#39;</span> 
     </span>
    </p>
   </div>
   <div class='ocr_carea' id='block_1_13' title="bbox 0 0 1424 4682">
    <p class='ocr_par' dir='ltr' id='par_1_13' title="bbox 0 0 1424 4682">
     <span class='ocr_line' id='line_1_32' title="bbox 0 0 1424 4682; baseline 0 1"><span class='ocrx_word' id='word_1_223' title='bbox 0 0 1424 4682; x_wconf 95' lang='lat' dir='ltr'><strong> </strong></span> 
     </span>
    </p>
   </div>
  </div>
 </body>
</html>
