2840 4682
746 380 827 460 .l8

264 580 333 620 rem
356 559 508 623 hahemus
529 559 728 624 Herodotum
761 559 815 638 (Ι,
830 561 902 638 32),
929 560 985 642 qni
1008 558 1161 624 Solonem
1188 527 1284 632 tradit
1305 565 1346 626 ad

215 726 218 732 ,
263 686 363 727 annos
383 667 583 752 septuaginta
604 667 688 728 vitae
709 665 867 728 humanae
887 661 1062 740 terininum
1082 671 1295 752 proposuisse.

346 775 437 834 Inter
450 794 522 850 eos,
544 771 692 855 quibus
683 793 717 832 sn
740 772 940 852 emendando
956 783 1065 854 textu,
1086 797 1188 857 quum
1206 787 1344 840 nostram

248 833 396 963 elegiam
418 890 491 942 aute
514 882 625 945 oculos
646 879 794 940 habuisse
812 881 1002 959 videantur,
1026 883 1189 944 interdum
1204 894 1343 962 utemur,

258 995 386 1070 praeter
398 985 612 1048 Censorinum
627 996 659 1047 et
673 989 712 1047 D.
732 985 937 1048 Ambrosiam
948 991 1164 1052 numerandus
1183 1000 1231 1052 est
1247 993 1343 1054 etiam
1397 1073 1401 1080 Ι

259 1093 460 1184 Macrobius,
472 1081 566 1173 qni,
599 1092 658 1154 etsi
685 1092 726 1153 de
753 1093 874 1154 Solone
895 1093 964 1176 ipso
993 1095 1116 1156 nnllam
1144 1098 1342 1162 mentionem

220 1201 226 1211 ¹
257 1199 352 1274 lecit,
378 1209 483 1260 tamen
508 1198 547 1258 ad
577 1199 814 1275 emendandum
835 1199 980 1262 adhiberi
1002 1213 1104 1283 potest
1126 1201 1209 1292 (54).

340 1305 404 1366 seo
425 1303 669 1386 progrediamur
689 1305 723 1364 in
742 1300 792 1368 via
820 1326 838 1367 a
862 1307 1036 1376 Plutarcho
1057 1309 1149 1370 nobis
1165 1313 1339 1395 patefacte:

186 1432 190 1444 *
256 1414 400 1498 ὕστερον
417 1413 452 1473 δὲ
469 1412 525 1473 καὶ
540 1413 669 1494 γνώμας
689 1406 1059 1499 ε’νέτεινεφιλοσόφους,
1080 1417 1099 1476 Ι.
1116 1419 1342 1502 esententissg

255 1510 367 1605 quales
388 1521 421 1580 in
444 1519 590 1581 doctrina
612 1519 724 1581 morali
745 1518 945 1602 potissimum
966 1531 1140 1590 versantur.
1182 1501 1338 1586 Profecto

254 1636 358 1690 exstat
378 1625 506 1689 Solonis
527 1627 763 1714 fragmentum,
793 1624 937 1686 omninus
966 1629 1139 1694 maximum
1166 1630 1250 1693 illud
1267 1633 1338 1713 qui.

232 1735 346 1813 dem,
385 1732 473 1816 quod
510 1731 575 1792 huc
606 1739 749 1813 spectare
780 1731 957 1813 putandum
987 1745 1043 1796 est.
1095 1725 1264 1800 Servatum
1293 1747 1342 1800 est

254 1843 342 1903 enim
364 1859 492 1901 carmen
512 1837 551 1898 ah
572 1835 695 1898 Ioanne
717 1836 854 1898 stobaao
876 1837 1040 1925 (Florileg.
1061 1842 1110 1904 IX
1121 1843 1201 1920 ‚'25,
1218 1843 1258 1904 fr.
1275 1842 1302 1906 δ’
1313 1853 1338 1922 ),

255 1952 347 2011 onius
374 1925 561 2008 auctoritas'
574 1953 680 2004 tamen
704 1943 894 2034 suspicionis
916 1945 1041 2029 aliquid
1068 1969 1199 2039 moyere
1217 1950 1337 2032 possit,

254 2055 316 2117 nisi
348 2052 549 2137 gravioribus
579 2058 706 2120 utamur
734 2048 887 2112 testibus:
924 2053 1003 2116 alios
1031 2055 1184 2120 videlicet
1207 2074 1345 2136 versus,·
1406 2071 1407 2078 ’

173 2231 177 2240 A
245 2164 298 2225 'ah
314 2161 504 2243 antiquitate
526 2158 566 2218 ad
587 2156 741 2218 Solonem
761 2155 897 2236 relatos,
917 2179 976 2246 pro
992 2157 1336 2244 Theognideiilanda-
1406 2157 1407 2198 Ι

198 2299 200 2305 ’
251 2271 299 2334 vit
326 2269 383 2331 ille
398 2267 565 2340 ¹Stobueus
589 2263 669 2341 (35),
707 2261 802 2346 atque
834 2265 935 2326 nostri
962 2256 1116 2350 poematis
1142 2268 1336 2350 posteriores

252 2377 423 2437 duodecim
453 2393 565 2436 versus
596 2372 630 2429 in
658 2370 802 2431 eiusdem
824 2372 1022 2454 Theognidis
1049 2378 1246 2438 Gnomarum
1265 2379 1334 2439 col-

225 2481 450 2570 (leqtionibns-
467 2479 628 2560 (585-590.
652 2478 800 2558 any-252)
825 2477 987 2560 leguntur.
1018 2482 1083 2544 Sed
1104 2505 1144 2544 ex
1164 2484 1240 2565 ipsis
1259 2504 1334 2545 ver·

250 2591 342 2652 sibus
365 2609 448 2649 unns
470 2585 602 2661 disertis,
619 2585 726 2647 verbis
755 2585 946 2647 adscribitur
966 2590 1079 2650 Soloni
1101 2591 1139 2652 ah
1160 2591 1333 2652 Aristotele

250 2700 358 2775 (Polie.
370 2699 382 2758 l
389 2698 438 2774 ,5,
447 2703 494 2778 9),
517 2693 638 2754 arbitro
655 2693 689 2752 in
711 2691 770 2754 hac
792 2714 826 2754 re
849 2693 936 2753 haud
958 2695 1056 2757 dubie
1071 2675 1254 2776 verissimo,
1271 2719 1332 2788 uec

186 2795 191 2804 “
249 2805 359 2865 minus
378 2800 571 2865 Plutarchus
595 2807 708 2860 auctor
729 2809 776 2860 est
795 2801 942 2882 pluribus
973 2802 1073 2877 locis,
1105 2825 1244 2887 qnorum
1267 2804 1332 2864 sinss
1405 2867 1406 2894 ἶ

250 2913 394 2995 gulanam
424 2910 620 2972 mentionem
653 2908 737 2970 insto
770 2918 911 2991 tempore
940 2911 1104 2995 faciemus.
1156 2911 1223 2972 Nec
1253 2929 1332 2969 vero

250 3017 420 3104 ἀκέφαλον
447 3037 513 3078 esse
532 3039 663 3078 carmen
687 3027 850 3112 nostruin,
880 3017 968 3099 quod
993 3019 1126 3097 Tuylor,
1159 3017 1333 3077 Oratorem
1405 3021 1406 3061 Ι

250 3130 447 3190 Graecorum
477 3124 676 3186 doctissimus
707 3123 792 3205 apud
821 3123 991 3186 Britannos
1023 3127 1144 3202 editor,
1180 3125 1333 3182 humanae

250 3239 330 3296 vitoe
357 3232 515 3318 speculum
536 3229 710 3292 rectissime
734 3231 861 3291 vocarit
885 3231 965 3309 (36),
1001 3230 1063 3294 hoc
1090 3233 1241 3314 probatur
1262 3239 1333 3290 tum

250 3363 290 3404 ex
310 3343 472 3402 Musarum
493 3340 717 3414 invocatione,
744 3347 813 3428 tarn
838 3340 975 3400 maxime
997 3363 1036 3403 ex
1058 3342 1132 3404 loco
1153 3337 1333 3404 Clementis

251 3448 479 3523 Alexandrini,
502 3446 558 3528 qui
580 3446 614 3504 iu
634 3447 798 3528 stromatis
819 3451 859 3530 (p.
879 3449 949 3528 742)
971 3446 1101 3526 Σόλων,
1126 3449 1253 3530 inquit,
1273 3453 1331 3520 τῆς

251 3556 389 3637 ἐλεγείας
405 3555 463 3616 aide
487 3555 638 3638 ἄρχεται·

231 3801 346 3879 (34)
383 3803 415 3852 ln
435 3800 573 3853 sumniam
593 3800 768 3872 Scipionisl‚
786 3803 886 3852 tiextr'.
931 3811 934 3818 ’

283 3895 348 3964 (st)
379 3897 411 3948 V
427 3911 497 3966 quae
513 3904 641 3949 annotate
659 3903 722 3949 sunt
740 3893 773 3947 ad
793 3893 914 3964 proxime
930 3891 1079 3960 fragmenta
1098 3892 1111 3945 t
1129 3877 1199 3956 slg'.

274 3991 345 4065 (36)
329 3987 422 4058 >Ad
437 3988 576 4049 Demosth.
594 3971 660 4046 ciat
679 4009 741 4066 περι
760 3987 939 4068 Παραπρεσβ
955 4003 982 4058 p.
998 3989 1057 4055 357.
