2840 4682
170 564 234 638 Sed
254 571 394 659 ¹fortasse
420 573 589 658 quisquam
612 553 740 638 obiiciat
761 575 794 635 in
817 577 958 638 carmine
978 583 1086 638 nostro
1113 568 1172 639 hn-
1196 605 1198 610 ·
1248 619 1249 623 ,
1307 631 1310 641 .

89 697 195 742 manas
217 691 337 744 aetates
354 698 418 742 tam
440 685 574 766 partite,
596 678 660 745 tam
676 683 806 744 delinita
825 669 862 746 ac
884 685 1032 746 distincte
1052 684 1170 745 descri-

88 796 158 869 ptas
170 808 254 866 csse,
276 799 311 849 ut
325 791 618 852 Alexandrinorum
635 791 748 853 studiis
762 789 961 872 potissimum
977 789 1173 873 respondere
1205 824 1206 827 ¹

89 894 254 955 videatnrs
287 897 343 957 sed
366 897 529 958 enimvero
560 897 722 980 graviores
742 895 882 962 rationes
904 885 1061 956 contraria
1085 901 1173 956 eoin-

90 1001 280 1081 probabunt.
331 1001 542 1087 Hippocrates
576 1003 727 1066 enimin
759 1002 843 1064 libro
871 999 962 1062 nohis
984 1002 1173 1083 deperdito,
1221 989 1253 1102 4¹
1326 1072 1328 1080 s

92 1107 184 1168 onius
205 1110 420 1190 fragmentum
441 1110 581 1196 servavit
602 1109 699 1171 Philo
719 1101 1091 1189 ludaeis‘(T)1,p26)
1124 1107 1174 1168 di-

90 1215 236 1276 stinctius
259 1216 353 1277 etiam
374 1218 510 1278 eandem
535 1239 603 1278 rem
633 1219 728 1300 louge
756 1227 829 1277 ante
856 1196 1096 1294 ΑΙειιᾰιιάιῑιιοι
1116 1233 1174 1274 ex·
1213 1197 1215 1206 l

89 1332 255 1419 posuerat,
271 1324 446 1408 singulis
445 1326 610 1386 aetatibus
640 1311 813 1407 peculiare
835 1333 951 1387 nomen
962 1319 1171 1382 'tribuen'zdo
1209 1400 1211 1404 Α

90 1425 248 1503 παίδων,
262 1441 359 1506 παῖς,
376 1429 564 1513 perpeterer,
582 1433 763 1514 νεανίσκος,
784 1429 882 1513 ἀνὴρ,
902 1429 1106 1510 πρεσβύτης,
1123 1428 1174 1508 ye'·
1219 1409 1221 1414 Ι

92 1557 162 1619 ρων.
192 1534 266 1595 Alia
283 1547 432 1622 spectant
449 1547 581 1621 poetae,
604 1538 666 1598 alia
687 1537 815 1602 medici
857 1537 1076 1618 Quapropter,
1091 1555 1177 1615 qnae

92 1640 192 1701 Solon
222 1642 372 1723 poetico,
393 1644 471 1708 licet
491 1643 604 1705 eodem
626 1643 780 1726 simplici,
803 1649 990 1703 ornamento
1011 1641 1175 1719 instruxit,

75 1753 130 1808 'ea
152 1731 360 1830 Hippocrates
392 1748 598 1811 suis'studiis
624 1747 891 1834 accommodavit,
925 1742 1034 1806 etnhi
1056 1747 1176 1808 ‘natura
1267 1748 1269 1752 ’

96 1849 230 1914 hnmani
252 1853 394 1936 corporis
415 1853 541 1915 medico
568 1865 724 1936 pertenue
746 1861 872 1914 tantum
895 1851 1063 1914 discrimen
1088 1853 1176 1916 fece-

93 1967 160 2034 rat,
184 1957 217 2018 id
235 1950 367 2019 omnino
389 1956 580 2039 transilivit,
603 1961 644 2040 ad
665 1958 800 2022 certiora
814 1979 1007 2042 progressas.
1037 1945 1175 2022 Revera

76 2063 190 2125 'etiam
211 2085 228 2124 a
249 2065 351 2147 poetis
376 2066 571 2148 >quibusdam
597 2066 823 2150 vetustioribus
838 2095 839 2099 ¹
854 2064 1021 2126 hominum
1043 2075 1177 2128 aetatem

94 2159 304 2234 hebdomadis
325 2171 488 2262 definitam
514 2194 602 2250 esse,
635 2173 692 2254 qui
714 2171 841 2233 disertis
864 2169 968 2232 verbis
990 2173 1177 2254 comproba-

95 2277 197 2354 verit,
231 2271 402 2340 Aristotele
425 2275 623 2359 (Poliavtl,
649 2279 696 2355 14,
715 2281 761 2354 ιι)
783 2276 870 2338 testis
886 2275 1013 2358 gravior
1034 2278 1179 2340 inveniri
1273 2305 1274 2308 ¹

94 2392 201 2467 potest
220 2405 346 2444 nemo.·
376 2382 496 2443 Eadem
519 2383 643 2444 ratione
663 2381 869 2444 Aristotelem
896 2381 1077 2464 saepissime
1098 2406 1178 2467 quo·

94 2511 160 2572 qne
185 2489 224 2550 iu¹
242 2489 375 2574 historia
397 2487 583 2548 animalium
605 2509 697 2548 nsum
715 2507 786 2548 esse
808 2486 976 2546 admonuit
996 2485 1179 2558 Schneide-

96 2617 171 2673 rns,
194 2594 282 2656 nude
302 2595 430 2656 Solonis
457 2595 616 2678 rationem
629 2593 764 2659 'Athenis
783 2591 980 2666 increbuisse
1002 2591 1180 2677 collegerit.

97 2701 165 2762 Nee
185 2722 264 2763 vero
287 2699 507 2779 Camerarius,
531 2700 695 2763 Victorius
716 2709 749 2798 et
770 2719 874 2782 nuper
895 2699 1101 2762 Adamantius
1122 2703 1183 2764 Co-
1272 2693 1278 2700 ’

95 2815 167 2868 raes
188 2805 227 2865 ab
248 2805 418 2868 Aristotele
439 2797 615 2890 praecipue
632 2807 748 2891 respici
740 2806 925 2868 Solonem
921 2828 1118 2894 negavere.
1119 2812 1182 2872 De·

96 2913 198 2995 nique
225 2912 320 2972 etiam
353 2912 540 2992 Lucretius,
577 2923 613 2974 ut
641 2931 717 2976 vere
748 2912 915 3002 annotarit
938 2913 1184 2996 Wakefieldus,

96 3018 136 3081 ad
159 3019 288 3081 Solonis
309 3038 418 3082 versus
439 3017 629 3110 spectavisse
654 3016 801 3094 videtur,
829 2994 947 3079 haecce
969 3039 1088 3084 canens
1110 3021 1182 3099 (V,

95 3127 152 3210 ὃν
176 3134 255 3234 sss)

221 3223 287 3296 Nec
310 3235 411 3292 mitras
433 3232 551 3292 incerto
574 3229 694 3290 dentem
716 3229 863 3293 cadere
850 3235 983 3318 imperat
1004 3246 1091 3293 aetas
1177 3309 1181 3328 x

224 3341 394 3424 Tempore,
417 3353 447 3399 et
469 3340 644 3420 impubem
645 3339 734 3399 molli
751 3342 920 3420 pubescere
942 3353 1050 3410 veste,

222 3449 264 3510 Et
281 3452 423 3569 pariter,
430 3441 554 3507 mollem
573 3446 665 3506 mulis
695 3445 856 3528 demittere
880 3445 1018 3511 lumbam⁴

96 3553 139 3618 Et
160 3576 259 3637 qnam
280 3565 327 3616 tot
346 3556 491 3637 variique
519 3553 711 3637 scriptores,
739 3554 818 3616 licet
838 3554 992 3632 seriores,
1019 3564 1051 3618 et
1077 3556 1185 3640 genti
1266 3629 1268 3631 Ι
1303 3635 1306 3642 ¹

97 3664 166 3740 les,
189 3670 222 3721 et
242 3661 386 3740 Iudaici,
409 3660 442 3722 et
461 3657 658 3748 Christiani,
681 3659 720 3720 ad
740 3681 841 3720 unum
863 3680 973 3722 omnes
996 3661 1029 3722 in
1052 3665 1185 3756 laudan

99 3769 138 3832 da
161 3768 291 3834 'Solonis
314 3751 417 3849 elegia
444 3765 669 3845 consentiant,
698 3768 827 3828 altiores
853 3787 929 3828 sane
952 3735 1184 3836 desideraddae

98 3875 174 3939 sunt
205 3875 364 3954 rationes,
393 3876 510 3959 quibus
532 3875 619 3934 illam
648 3871 875 3958 interpolatam
905 3896 971 3937 esse
1003 3882 1185 3962 comproba

100 3991 162 4050 tur.
202 3981 393 4060 Praeterea,
413 3981 502 4066 qaod
525 3981 564 4044 ad
582 3999 735 4046 summam
758 3982 1049 4067 carminisnostri,
1073 3998 1186 4050 aucto·
1249 3973 1252 3982 ¹
