<?xml version="1.0" encoding="UTF-8"?>
<!DOCTYPE html PUBLIC "-//W3C//DTD XHTML 1.0 Transitional//EN"
    "http://www.w3.org/TR/xhtml1/DTD/xhtml1-transitional.dtd">
<html xmlns="http://www.w3.org/1999/xhtml" xml:lang="en" lang="en">
 <head>
  <title>
</title>
<meta http-equiv="Content-Type" content="text/html;charset=utf-8" />
  <meta name='ocr-system' content='tesseract 3.04.00' />
  <meta name='ocr-capabilities' content='ocr_page ocr_carea ocr_par ocr_line ocrx_word'/>
</head>
<body>
  <div class='ocr_page' id='page_1' title='image "./carminumquaesup01sologoog_0043.png"; bbox 0 0 2840 4682; ppageno 0'>
   <div class='ocr_carea' id='block_1_1' title="bbox 736 315 787 408">
    <p class='ocr_par' dir='ltr' id='par_1_1' title="bbox 736 315 787 408">
     <span class='ocr_line' id='line_1_1' title="bbox 736 315 787 408; baseline 0 0"><span class='ocrx_word' id='word_1_1' title='bbox 736 315 787 408; x_wconf 80' lang='lat' dir='ltr'><strong>aa</strong></span> 
     </span>
    </p>
   </div>
   <div class='ocr_carea' id='block_1_2' title="bbox 226 523 1304 608">
    <p class='ocr_par' dir='ltr' id='par_1_2' title="bbox 226 523 1304 608">
     <span class='ocr_line' id='line_1_2' title="bbox 226 523 1304 608; baseline -0.004 -19"><span class='ocrx_word' id='word_1_2' title='bbox 226 536 294 590; x_wconf 88' lang='lat' dir='ltr'><strong>tuns</strong></span> <span class='ocrx_word' id='word_1_3' title='bbox 316 524 448 590; x_wconf 84' lang='lat' dir='ltr'><strong>orn-nino</strong></span> <span class='ocrx_word' id='word_1_4' title='bbox 474 523 591 602; x_wconf 83' lang='lat' dir='ltr'><strong>etiam,</strong></span> <span class='ocrx_word' id='word_1_5' title='bbox 622 532 657 584; x_wconf 79' lang='grc' dir='ltr'><strong>ιιι</strong></span> <span class='ocrx_word' id='word_1_6' title='bbox 679 544 774 606; x_wconf 88' lang='lat' dir='ltr'><strong>supra</strong></span> <span class='ocrx_word' id='word_1_7' title='bbox 795 523 975 608; x_wconf 84' lang='lat' dir='ltr'><strong>expositum</strong></span> <span class='ocrx_word' id='word_1_8' title='bbox 997 531 1071 596; x_wconf 80' lang='lat' dir='ltr'><strong>est,</strong></span> <span class='ocrx_word' id='word_1_9' title='bbox 1098 523 1203 586; x_wconf 82' lang='lat' dir='ltr'><strong>verius</strong></span> <span class='ocrx_word' id='word_1_10' title='bbox 1230 541 1304 585; x_wconf 85' lang='lat' dir='ltr'><strong>esse</strong></span> 
     </span>
    </p>
   </div>
   <div class='ocr_carea' id='block_1_3' title="bbox 223 611 1307 820">
    <p class='ocr_par' dir='ltr' id='par_1_3' title="bbox 223 611 1307 820">
     <span class='ocr_line' id='line_1_3' title="bbox 227 611 1307 722; baseline -0.008 -24"><span class='ocrx_word' id='word_1_11' title='bbox 227 636 354 700; x_wconf 82' lang='lat' dir='ltr'><strong>ridetur</strong></span> <span class='ocrx_word' id='word_1_12' title='bbox 382 633 535 698; x_wconf 85' lang='lat' dir='ltr'><strong>Solonem</strong></span> <span class='ocrx_word' id='word_1_13' title='bbox 542 642 634 722; x_wconf 89' lang='lat' dir='ltr'><strong>post</strong></span> <span class='ocrx_word' id='word_1_14' title='bbox 662 631 865 713; x_wconf 77' lang='lat' dir='ltr'><strong>tyrannidem</strong></span> <span class='ocrx_word' id='word_1_15' title='bbox 885 654 903 692; x_wconf 85' lang='lat' dir='ltr'><strong>a</strong></span> <span class='ocrx_word' id='word_1_16' title='bbox 916 630 1088 716; x_wconf 75' lang='lat' dir='ltr'><strong>Pisistrato</strong></span> <span class='ocrx_word' id='word_1_17' title='bbox 1116 611 1307 712; x_wconf 83' lang='lat' dir='ltr'><strong>occupatam</strong></span> 
     </span>
     <span class='ocr_line' id='line_1_4' title="bbox 223 715 1303 820; baseline -0.008 -18"><span class='ocrx_word' id='word_1_18' title='bbox 223 739 358 802; x_wconf 78' lang='lat' dir='ltr'><strong>Athenis</strong></span> <span class='ocrx_word' id='word_1_19' title='bbox 379 715 612 820; x_wconf 85' lang='lat' dir='ltr'><strong>tranquillitate</strong></span> <span class='ocrx_word' id='word_1_20' title='bbox 634 757 670 796; x_wconf 90' lang='lat' dir='ltr'><strong>ac</strong></span> <span class='ocrx_word' id='word_1_21' title='bbox 692 735 821 797; x_wconf 90' lang='lat' dir='ltr'><strong>silentio</strong></span> <span class='ocrx_word' id='word_1_22' title='bbox 842 736 964 819; x_wconf 80' lang='lat' dir='ltr'><strong>degisse</strong></span> <span class='ocrx_word' id='word_1_23' title='bbox 986 745 1128 796; x_wconf 87' lang='lat' dir='ltr'><strong>aetatem.</strong></span> <span class='ocrx_word' id='word_1_24' title='bbox 1171 737 1303 795; x_wconf 78' lang='lat' dir='ltr'><strong>Fortia·</strong></span> 
     </span>
    </p>
   </div>
   <div class='ocr_carea' id='block_1_4' title="bbox 212 821 1305 1152">
    <p class='ocr_par' dir='ltr' id='par_1_4' title="bbox 212 821 1305 1144">
     <span class='ocr_line' id='line_1_5' title="bbox 212 821 1305 946; baseline -0.004 -38"><span class='ocrx_word' id='word_1_25' title='bbox 212 851 291 946; x_wconf 79' lang='lat' dir='ltr'><strong>-gius</strong></span> <span class='ocrx_word' id='word_1_26' title='bbox 313 857 435 924; x_wconf 88' lang='lat' dir='ltr'><strong>autem,</strong></span> <span class='ocrx_word' id='word_1_27' title='bbox 457 847 512 928; x_wconf 88' lang='lat' dir='ltr'><strong>qni</strong></span> <span class='ocrx_word' id='word_1_28' title='bbox 536 847 568 906; x_wconf 90' lang='lat' dir='ltr'><strong>in</strong></span> <span class='ocrx_word' id='word_1_29' title='bbox 592 845 734 906; x_wconf 88' lang='lat' dir='ltr'><strong>editione</strong></span> <span class='ocrx_word' id='word_1_30' title='bbox 756 841 815 907; x_wconf 89' lang='lat' dir='ltr'><strong>Sal</strong></span> <span class='ocrx_word' id='word_1_31' title='bbox 802 845 883 904; x_wconf 86' lang='lat' dir='ltr'><strong>l&#39;oms</strong></span> <span class='ocrx_word' id='word_1_32' title='bbox 896 821 1149 926; x_wconf 81' lang='lat' dir='ltr'><strong>fragmentorum</strong></span> <span class='ocrx_word' id='word_1_33' title='bbox 1161 845 1305 926; x_wconf 86' lang='lat' dir='ltr'><strong>poetico·</strong></span> 
     </span>
     <span class='ocr_line' id='line_1_6' title="bbox 223 952 1302 1040; baseline -0.006 -22"><span class='ocrx_word' id='word_1_34' title='bbox 223 976 293 1018; x_wconf 82' lang='lat' dir='ltr'><strong>rum</strong></span> <span class='ocrx_word' id='word_1_35' title='bbox 311 953 357 1036; x_wconf 84' lang='lat' dir='ltr'><strong>(p</strong></span> <span class='ocrx_word' id='word_1_36' title='bbox 376 956 449 1040; x_wconf 70' lang='lat' dir='ltr'><strong>rob)</strong></span> <span class='ocrx_word' id='word_1_37' title='bbox 464 953 629 1014; x_wconf 80' lang='lat' dir='ltr'><strong>annotavit</strong></span> <span class='ocrx_word' id='word_1_38' title='bbox 640 963 829 1036; x_wconf 87' lang='lat' dir='ltr'><strong>utrumque,</strong></span> <span class='ocrx_word' id='word_1_39' title='bbox 851 952 1057 1016; x_wconf 85' lang='lat' dir='ltr'><strong>Plutarchum</strong></span> <span class='ocrx_word' id='word_1_40' title='bbox 1073 952 1302 1036; x_wconf 84' lang='lat' dir='ltr'><strong>etDiogenem‚</strong></span> 
     </span>
     <span class='ocr_line' id='line_1_7' title="bbox 224 1060 1303 1152; baseline 0.002 -30"><span class='ocrx_word' id='word_1_41' title='bbox 224 1063 334 1146; x_wconf 77' lang='lat' dir='ltr'><strong>testari</strong></span> <span class='ocrx_word' id='word_1_42' title='bbox 356 1063 508 1124; x_wconf 89' lang='lat' dir='ltr'><strong>Solonem</strong></span> <span class='ocrx_word' id='word_1_43' title='bbox 530 1063 674 1134; x_wconf 82' lang='lat' dir='ltr'><strong>exsulem</strong></span> <span class='ocrx_word' id='word_1_44' title='bbox 697 1062 753 1123; x_wconf 90' lang='lat' dir='ltr'><strong>illa</strong></span> <span class='ocrx_word' id='word_1_45' title='bbox 775 1060 956 1143; x_wconf 83' lang='lat' dir='ltr'><strong>scripsisse,</strong></span> <span class='ocrx_word' id='word_1_46' title='bbox 984 1060 1158 1125; x_wconf 85' lang='lat' dir='ltr'><strong>certissime</strong></span> <span class='ocrx_word' id='word_1_47' title='bbox 1178 1062 1303 1152; x_wconf 84' lang='lat' dir='ltr'><strong>patefe-</strong></span> 
     </span>
    </p>
   </div>
   <div class='ocr_carea' id='block_1_5' title="bbox 203 1167 1303 1356">
    <p class='ocr_par' dir='ltr' id='par_1_5' title="bbox 203 1167 1303 1356">
     <span class='ocr_line' id='line_1_8' title="bbox 225 1167 837 1252; baseline 0.01 -24"><span class='ocrx_word' id='word_1_48' title='bbox 225 1169 268 1229; x_wconf 91' lang='lat' dir='ltr'><strong>cit</strong></span> <span class='ocrx_word' id='word_1_49' title='bbox 289 1179 408 1230; x_wconf 88' lang='lat' dir='ltr'><strong>temere</strong></span> <span class='ocrx_word' id='word_1_50' title='bbox 429 1189 462 1230; x_wconf 91' lang='lat' dir='ltr'><strong>se</strong></span> <span class='ocrx_word' id='word_1_51' title='bbox 483 1168 598 1252; x_wconf 82' lang='lat' dir='ltr'><strong>legisse</strong></span> <span class='ocrx_word' id='word_1_52' title='bbox 617 1167 837 1234; x_wconf 85' lang='lat' dir='ltr'><strong>Plutarchum.</strong></span> 
     </span>
     <span class='ocr_line' id='line_1_9' title="bbox 203 1271 1303 1356; baseline 0 -22"><span class='ocrx_word' id='word_1_53' title='bbox 203 1322 205 1328; x_wconf 28' lang='lat' dir='ltr'><strong>a</strong></span> <span class='ocrx_word' id='word_1_54' title='bbox 307 1274 406 1334; x_wconf 86' lang='lat' dir='ltr'><strong>Solon</strong></span> <span class='ocrx_word' id='word_1_55' title='bbox 427 1271 529 1349; x_wconf 80' lang='lat' dir='ltr'><strong>&#39;vero,</strong></span> <span class='ocrx_word' id='word_1_56' title='bbox 559 1274 698 1335; x_wconf 91' lang='lat' dir='ltr'><strong>monitus</strong></span> <span class='ocrx_word' id='word_1_57' title='bbox 728 1274 767 1332; x_wconf 90' lang='lat' dir='ltr'><strong>ab</strong></span> <span class='ocrx_word' id='word_1_58' title='bbox 794 1271 924 1349; x_wconf 85' lang='lat' dir='ltr'><strong>amicis,</strong></span> <span class='ocrx_word' id='word_1_59' title='bbox 959 1293 1000 1334; x_wconf 85' lang='lat' dir='ltr'><strong>ne</strong></span> <span class='ocrx_word' id='word_1_60' title='bbox 1030 1271 1159 1356; x_wconf 86' lang='lat' dir='ltr'><strong>tyranni</strong></span> <span class='ocrx_word' id='word_1_61' title='bbox 1190 1272 1303 1334; x_wconf 91' lang='lat' dir='ltr'><strong>odium</strong></span> 
     </span>
    </p>
   </div>
   <div class='ocr_carea' id='block_1_6' title="bbox 126 1373 1304 1462">
    <p class='ocr_par' dir='ltr' id='par_1_6' title="bbox 126 1373 1304 1462">
     <span class='ocr_line' id='line_1_10' title="bbox 126 1373 1304 1462; baseline 0.003 -26"><span class='ocrx_word' id='word_1_62' title='bbox 126 1427 130 1436; x_wconf 74' lang='grc'>,</span> <span class='ocrx_word' id='word_1_63' title='bbox 210 1379 380 1462; x_wconf 58' lang='grc' dir='ltr'><strong>χιιιιιιιιιιιιιιι</strong></span> <span class='ocrx_word' id='word_1_64' title='bbox 403 1377 569 1438; x_wconf 89' lang='lat' dir='ltr'><strong>interitum</strong></span> <span class='ocrx_word' id='word_1_65' title='bbox 597 1375 657 1438; x_wconf 92' lang='lat' dir='ltr'><strong>sibi</strong></span> <span class='ocrx_word' id='word_1_66' title='bbox 678 1373 897 1453; x_wconf 87' lang='lat' dir='ltr'><strong>contraheret,</strong></span> <span class='ocrx_word' id='word_1_67' title='bbox 919 1375 1033 1438; x_wconf 88' lang='lat' dir='ltr'><strong>iisdem</strong></span> <span class='ocrx_word' id='word_1_68' title='bbox 1054 1377 1304 1458; x_wconf 88' lang='lat' dir='ltr'><strong>quaerentibus,</strong></span> 
     </span>
    </p>
   </div>
   <div class='ocr_carea' id='block_1_7' title="bbox 145 1473 1304 1688">
    <p class='ocr_par' dir='ltr' id='par_1_7' title="bbox 145 1473 1304 1688">
     <span class='ocr_line' id='line_1_11' title="bbox 209 1473 1304 1570; baseline 0.002 -28"><span class='ocrx_word' id='word_1_69' title='bbox 209 1473 296 1567; x_wconf 59' lang='lat' dir='ltr'><strong>&#39;Qua</strong></span> <span class='ocrx_word' id='word_1_70' title='bbox 318 1481 442 1542; x_wconf 88' lang='lat' dir='ltr'><strong>tandem</strong></span> <span class='ocrx_word' id='word_1_71' title='bbox 464 1503 517 1565; x_wconf 84' lang='lat' dir='ltr'><strong>spe</strong></span> <span class='ocrx_word' id='word_1_72' title='bbox 531 1482 659 1565; x_wconf 84' lang='lat' dir='ltr'><strong>fretus,</strong></span> <span class='ocrx_word' id='word_1_73' title='bbox 682 1485 851 1543; x_wconf 83' lang='lat' dir='ltr'><strong>Pisistrato</strong></span> <span class='ocrx_word' id='word_1_74' title='bbox 871 1493 935 1542; x_wconf 88' lang='lat' dir='ltr'><strong>tam</strong></span> <span class='ocrx_word' id='word_1_75' title='bbox 952 1483 1114 1570; x_wconf 78' lang='lat' dir='ltr'><strong>audaciter</strong></span> <span class='ocrx_word' id='word_1_76' title='bbox 1126 1486 1304 1563; x_wconf 81' lang='lat' dir='ltr'><strong>obsisteret,</strong></span> 
     </span>
     <span class='ocr_line' id='line_1_12' title="bbox 145 1588 809 1688; baseline -0.009 -34"><span class='ocrx_word' id='word_1_77' title='bbox 145 1677 148 1688; x_wconf 41' lang='lat'><strong>,</strong></span> <span class='ocrx_word' id='word_1_78' title='bbox 222 1589 424 1674; x_wconf 78' lang='lat' dir='ltr'><strong>respondisse</strong></span> <span class='ocrx_word' id='word_1_79' title='bbox 445 1588 580 1669; x_wconf 88' lang='lat' dir='ltr'><strong>dicitur,</strong></span> <span class='ocrx_word' id='word_1_80' title='bbox 609 1589 809 1676; x_wconf 51' lang='lat' dir='ltr'><strong>senectam</strong></span> 
     </span>
    </p>
   </div>
   <div class='ocr_carea' id='block_1_8' title="bbox 666 1789 885 1808">
    <p class='ocr_par' dir='ltr' id='par_1_8' title="bbox 666 1789 885 1808">
     <span class='ocr_line' id='line_1_13' title="bbox 666 1789 885 1808; baseline 0.014 -2"><span class='ocrx_word' id='word_1_81' title='bbox 666 1789 885 1808; x_wconf 64' lang='lat' dir='ltr'>...n-.-</span> 
     </span>
    </p>
   </div>
   <div class='ocr_carea' id='block_1_9' title="bbox 560 1978 1062 2076">
    <p class='ocr_par' dir='ltr' id='par_1_9' title="bbox 560 1978 1062 2076">
     <span class='ocr_line' id='line_1_14' title="bbox 560 1978 1062 2076; baseline 0.012 -28"><span class='ocrx_word' id='word_1_82' title='bbox 560 1986 627 2064; x_wconf 84' lang='grc'><strong>’4.</strong></span> <span class='ocrx_word' id='word_1_83' title='bbox 679 1978 749 2050; x_wconf 78' lang='lat' dir='ltr'><strong>Aa</strong></span> <span class='ocrx_word' id='word_1_84' title='bbox 778 1981 944 2076; x_wconf 83' lang='lat' dir='ltr'><strong>Critiam.</strong></span> <span class='ocrx_word' id='word_1_85' title='bbox 1047 2011 1062 2052; x_wconf 88' lang='grc'><strong>.·</strong></span> 
     </span>
    </p>
   </div>
   <div class='ocr_carea' id='block_1_10' title="bbox 155 2181 1413 3032">
    <p class='ocr_par' dir='ltr' id='par_1_10' title="bbox 155 2181 1413 3032">
     <span class='ocr_line' id='line_1_15' title="bbox 264 2181 1413 2305; baseline -0.002 -49"><span class='ocrx_word' id='word_1_86' title='bbox 264 2245 268 2259; x_wconf 46' lang='lat' dir='ltr'><strong><em>s</em></strong></span> <span class='ocrx_word' id='word_1_87' title='bbox 306 2193 396 2256; x_wconf 90' lang='lat' dir='ltr'><strong>Plato</strong></span> <span class='ocrx_word' id='word_1_88' title='bbox 419 2193 451 2252; x_wconf 93' lang='lat' dir='ltr'><strong>in</strong></span> <span class='ocrx_word' id='word_1_89' title='bbox 476 2190 645 2254; x_wconf 86' lang='lat' dir='ltr'><strong>Charmide</strong></span> <span class='ocrx_word' id='word_1_90' title='bbox 669 2194 709 2276; x_wconf 86' lang='lat' dir='ltr'><strong>(p.</strong></span> <span class='ocrx_word' id='word_1_91' title='bbox 731 2187 804 2274; x_wconf 78' lang='lat'><strong>157,</strong></span> <span class='ocrx_word' id='word_1_92' title='bbox 828 2198 856 2271; x_wconf 88' lang='lat' dir='ltr'><strong>e)</strong></span> <span class='ocrx_word' id='word_1_93' title='bbox 877 2181 1192 2270; x_wconf 76' lang='lat' dir='ltr'><strong>familiam&#39;Critiae,</strong></span> <span class='ocrx_word' id='word_1_94' title='bbox 1221 2195 1307 2254; x_wconf 86' lang='lat' dir='ltr'><strong>Dro·</strong></span> <span class='ocrx_word' id='word_1_95' title='bbox 1412 2253 1413 2305; x_wconf 31' lang='grc'>1</span> 
     </span>
     <span class='ocr_line' id='line_1_16' title="bbox 156 2287 1306 2388; baseline -0.002 -26"><span class='ocrx_word' id='word_1_96' title='bbox 156 2287 158 2294; x_wconf 69' lang='lat'><strong>,</strong></span> <span class='ocrx_word' id='word_1_97' title='bbox 222 2302 306 2388; x_wconf 77' lang='lat' dir='ltr'><strong>pislis</strong></span> <span class='ocrx_word' id='word_1_98' title='bbox 320 2301 400 2378; x_wconf 86' lang='lat' dir='ltr'><strong>filii,</strong></span> <span class='ocrx_word' id='word_1_99' title='bbox 422 2311 455 2364; x_wconf 92' lang='lat' dir='ltr'><strong>et</strong></span> <span class='ocrx_word' id='word_1_100' title='bbox 475 2302 513 2361; x_wconf 89' lang='lat' dir='ltr'><strong>ab</strong></span> <span class='ocrx_word' id='word_1_101' title='bbox 528 2301 728 2362; x_wconf 84' lang='lat' dir='ltr'><strong>Anacreonte</strong></span> <span class='ocrx_word' id='word_1_102' title='bbox 742 2310 774 2362; x_wconf 93' lang='lat' dir='ltr'><strong>et</strong></span> <span class='ocrx_word' id='word_1_103' title='bbox 791 2324 807 2361; x_wconf 90' lang='lat' dir='ltr'><strong>a</strong></span> <span class='ocrx_word' id='word_1_104' title='bbox 822 2291 941 2363; x_wconf 82' lang='lat' dir='ltr'><strong>Solone</strong></span> <span class='ocrx_word' id='word_1_105' title='bbox 953 2300 1125 2382; x_wconf 88' lang='lat' dir='ltr'><strong>multisque</strong></span> <span class='ocrx_word' id='word_1_106' title='bbox 1146 2301 1216 2362; x_wconf 91' lang='lat' dir='ltr'><strong>aliis</strong></span> <span class='ocrx_word' id='word_1_107' title='bbox 1232 2321 1306 2384; x_wconf 87' lang='lat' dir='ltr'><strong>poe·</strong></span> 
     </span>
     <span class='ocr_line' id='line_1_17' title="bbox 221 2407 1305 2495; baseline -0.002 -24"><span class='ocrx_word' id='word_1_108' title='bbox 221 2414 262 2472; x_wconf 91' lang='lat' dir='ltr'><strong>tis</strong></span> <span class='ocrx_word' id='word_1_109' title='bbox 277 2409 467 2472; x_wconf 86' lang='lat' dir='ltr'><strong>celebratam</strong></span> <span class='ocrx_word' id='word_1_110' title='bbox 478 2427 545 2467; x_wconf 89' lang='lat' dir='ltr'><strong>esse</strong></span> <span class='ocrx_word' id='word_1_111' title='bbox 557 2415 699 2484; x_wconf 89' lang='lat' dir='ltr'><strong>testatur,</strong></span> <span class='ocrx_word' id='word_1_112' title='bbox 713 2417 821 2490; x_wconf 89' lang='lat' dir='ltr'><strong>utpote</strong></span> <span class='ocrx_word' id='word_1_113' title='bbox 832 2430 913 2490; x_wconf 89' lang='lat' dir='ltr'><strong>quae</strong></span> <span class='ocrx_word' id='word_1_114' title='bbox 927 2409 1062 2495; x_wconf 84' lang='lat' dir='ltr'><strong>excellat</strong></span> <span class='ocrx_word' id='word_1_115' title='bbox 1075 2407 1305 2492; x_wconf 88' lang='lat' dir='ltr'><strong>pulcritudine,</strong></span> 
     </span>
     <span class='ocr_line' id='line_1_18' title="bbox 155 2513 1305 2596; baseline 0.001 -23"><span class='ocrx_word' id='word_1_116' title='bbox 155 2533 168 2580; x_wconf 86' lang='grc'><strong>’,</strong></span> <span class='ocrx_word' id='word_1_117' title='bbox 225 2517 342 2577; x_wconf 84' lang='lat' dir='ltr'><strong>virtute</strong></span> <span class='ocrx_word' id='word_1_118' title='bbox 364 2524 459 2596; x_wconf 88' lang='lat' dir='ltr'><strong>atque</strong></span> <span class='ocrx_word' id='word_1_119' title='bbox 482 2521 604 2592; x_wconf 83' lang='lat' dir='ltr'><strong>cetera,</strong></span> <span class='ocrx_word' id='word_1_120' title='bbox 626 2536 709 2596; x_wconf 91' lang='lat' dir='ltr'><strong>quae</strong></span> <span class='ocrx_word' id='word_1_121' title='bbox 734 2514 768 2574; x_wconf 88' lang='lat' dir='ltr'><strong>in</strong></span> <span class='ocrx_word' id='word_1_122' title='bbox 792 2516 984 2578; x_wconf 89' lang='lat' dir='ltr'><strong>carminibus</strong></span> <span class='ocrx_word' id='word_1_123' title='bbox 1005 2513 1132 2577; x_wconf 81' lang='lat' dir='ltr'><strong>laudata</strong></span> <span class='ocrx_word' id='word_1_124' title='bbox 1148 2517 1212 2594; x_wconf 88' lang='lat' dir='ltr'><strong>sit,</strong></span> <span class='ocrx_word' id='word_1_125' title='bbox 1232 2516 1305 2577; x_wconf 84' lang='lat' dir='ltr'><strong>feti-</strong></span> 
     </span>
     <span class='ocr_line' id='line_1_19' title="bbox 220 2607 1306 2704; baseline -0.005 -18"><span class='ocrx_word' id='word_1_126' title='bbox 220 2607 328 2690; x_wconf 83' lang='lat' dir='ltr'><strong>citate.</strong></span> <span class='ocrx_word' id='word_1_127' title='bbox 359 2621 453 2695; x_wconf 72' lang='lat' dir='ltr'><strong>trina</strong></span> <span class='ocrx_word' id='word_1_128' title='bbox 475 2620 623 2703; x_wconf 89' lang='lat' dir='ltr'><strong>sequitur</strong></span> <span class='ocrx_word' id='word_1_129' title='bbox 643 2622 795 2683; x_wconf 90' lang='lat' dir='ltr'><strong>Solonem</strong></span> <span class='ocrx_word' id='word_1_130' title='bbox 816 2624 999 2686; x_wconf 88' lang='lat' dir='ltr'><strong>condidisse</strong></span> <span class='ocrx_word' id='word_1_131' title='bbox 1016 2646 1143 2702; x_wconf 88' lang='lat' dir='ltr'><strong>versus,</strong></span> <span class='ocrx_word' id='word_1_132' title='bbox 1171 2624 1205 2683; x_wconf 93' lang='lat' dir='ltr'><strong>in</strong></span> <span class='ocrx_word' id='word_1_133' title='bbox 1228 2621 1306 2704; x_wconf 89' lang='lat' dir='ltr'><strong>qui·</strong></span> 
     </span>
     <span class='ocr_line' id='line_1_20' title="bbox 222 2723 1304 2811; baseline -0.001 -20"><span class='ocrx_word' id='word_1_134' title='bbox 222 2730 300 2809; x_wconf 84' lang='lat' dir='ltr'><strong>bus,</strong></span> <span class='ocrx_word' id='word_1_135' title='bbox 332 2739 367 2791; x_wconf 91' lang='lat' dir='ltr'><strong>nt</strong></span> <span class='ocrx_word' id='word_1_136' title='bbox 392 2729 432 2789; x_wconf 86' lang='lat' dir='ltr'><strong>de</strong></span> <span class='ocrx_word' id='word_1_137' title='bbox 456 2750 490 2789; x_wconf 85' lang='lat' dir='ltr'><strong>rc</strong></span> <span class='ocrx_word' id='word_1_138' title='bbox 514 2729 641 2811; x_wconf 82' lang='lat' dir='ltr'><strong>publica</strong></span> <span class='ocrx_word' id='word_1_139' title='bbox 675 2729 737 2789; x_wconf 91' lang='lat' dir='ltr'><strong>iam</strong></span> <span class='ocrx_word' id='word_1_140' title='bbox 758 2732 895 2794; x_wconf 82' lang='lat' dir='ltr'><strong>vidimus</strong></span> <span class='ocrx_word' id='word_1_141' title='bbox 923 2733 963 2793; x_wconf 87' lang='lat' dir='ltr'><strong>ad</strong></span> <span class='ocrx_word' id='word_1_142' title='bbox 991 2723 1223 2806; x_wconf 82' lang='lat' dir='ltr'><strong>Athenienses,</strong></span> <span class='ocrx_word' id='word_1_143' title='bbox 1259 2730 1304 2790; x_wconf 90' lang='lat' dir='ltr'><strong>ita</strong></span> 
     </span>
     <span class='ocr_line' id='line_1_21' title="bbox 160 2819 1412 2922; baseline -0.001 -22"><span class='ocrx_word' id='word_1_144' title='bbox 160 2871 171 2882; x_wconf 44' lang='lat' dir='ltr'>a</span> <span class='ocrx_word' id='word_1_145' title='bbox 223 2830 386 2919; x_wconf 80' lang='lat' dir='ltr'><strong>scripserit</strong></span> <span class='ocrx_word' id='word_1_146' title='bbox 413 2835 452 2896; x_wconf 93' lang='lat' dir='ltr'><strong>de</strong></span> <span class='ocrx_word' id='word_1_147' title='bbox 477 2856 516 2916; x_wconf 78' lang='lat' dir='ltr'><strong>rc</strong></span> <span class='ocrx_word' id='word_1_148' title='bbox 536 2833 700 2916; x_wconf 83' lang='lat' dir='ltr'><strong>familiari</strong></span> <span class='ocrx_word' id='word_1_149' title='bbox 724 2838 763 2899; x_wconf 92' lang='lat' dir='ltr'><strong>ad</strong></span> <span class='ocrx_word' id='word_1_150' title='bbox 790 2838 940 2916; x_wconf 85' lang='lat' dir='ltr'><strong>Critiam,</strong></span> <span class='ocrx_word' id='word_1_151' title='bbox 974 2839 1033 2922; x_wconf 91' lang='lat' dir='ltr'><strong>ipsi</strong></span> <span class='ocrx_word' id='word_1_152' title='bbox 1062 2819 1302 2921; x_wconf 82' lang='lat' dir='ltr'><strong>propinquitate</strong></span> <span class='ocrx_word' id='word_1_153' title='bbox 1411 2897 1412 2920; x_wconf 47' lang='lat'><strong>,</strong></span> 
     </span>
     <span class='ocr_line' id='line_1_22' title="bbox 221 2921 1303 3032; baseline 0.004 -28"><span class='ocrx_word' id='word_1_154' title='bbox 221 2942 441 3028; x_wconf 86' lang='lat' dir='ltr'><strong>coniunctum</strong></span> <span class='ocrx_word' id='word_1_155' title='bbox 483 2943 580 3005; x_wconf 88' lang='lat' dir='ltr'><strong>Solon</strong></span> <span class='ocrx_word' id='word_1_156' title='bbox 598 2921 859 3009; x_wconf 82' lang='lat' dir='ltr'><strong>familiarissimus</strong></span> <span class='ocrx_word' id='word_1_157' title='bbox 878 2947 941 3007; x_wconf 82' lang='lat' dir='ltr'><strong>tuit</strong></span> <span class='ocrx_word' id='word_1_158' title='bbox 960 2946 1113 3028; x_wconf 90' lang='lat' dir='ltr'><strong>Dropidi,</strong></span> <span class='ocrx_word' id='word_1_159' title='bbox 1135 2947 1221 3032; x_wconf 91' lang='lat' dir='ltr'><strong>quod</strong></span> <span class='ocrx_word' id='word_1_160' title='bbox 1237 2968 1303 3008; x_wconf 83' lang='lat' dir='ltr'><strong>sae·</strong></span> 
     </span>
    </p>
   </div>
   <div class='ocr_carea' id='block_1_11' title="bbox 50 3029 1301 3138">
    <p class='ocr_par' dir='ltr' id='par_1_11' title="bbox 50 3029 1301 3138">
     <span class='ocr_line' id='line_1_23' title="bbox 50 3029 1301 3138; baseline 0.03 -38"><span class='ocrx_word' id='word_1_161' title='bbox 50 3069 55 3088; x_wconf 61' lang='grc' dir='ltr'><strong>ι</strong></span> <span class='ocrx_word' id='word_1_162' title='bbox 111 3029 142 3126; x_wconf 39' lang='grc' dir='ltr'><strong> </strong></span> <span class='ocrx_word' id='word_1_163' title='bbox 220 3044 315 3133; x_wconf 88' lang='lat' dir='ltr'><strong>pius,</strong></span> <span class='ocrx_word' id='word_1_164' title='bbox 342 3059 477 3111; x_wconf 89' lang='lat' dir='ltr'><strong>anctore</strong></span> <span class='ocrx_word' id='word_1_165' title='bbox 491 3052 603 3114; x_wconf 90' lang='lat' dir='ltr'><strong>eodem</strong></span> <span class='ocrx_word' id='word_1_166' title='bbox 624 3053 682 3114; x_wconf 90' lang='lat' dir='ltr'><strong>rllo</strong></span> <span class='ocrx_word' id='word_1_167' title='bbox 703 3055 838 3116; x_wconf 88' lang='lat' dir='ltr'><strong>Platone</strong></span> <span class='ocrx_word' id='word_1_168' title='bbox 869 3056 971 3132; x_wconf 87' lang='lat' dir='ltr'><strong>(Tim</strong></span> <span class='ocrx_word' id='word_1_169' title='bbox 992 3077 1023 3138; x_wconf 74' lang='lat' dir='ltr'><strong>p.</strong></span> <span class='ocrx_word' id='word_1_170' title='bbox 1051 3075 1090 3116; x_wconf 85' lang='lat'><strong>2⁰</strong></span> <span class='ocrx_word' id='word_1_171' title='bbox 1117 3059 1195 3135; x_wconf 69' lang='lat' dir='ltr'><strong>⁸‘lla</strong></span> <span class='ocrx_word' id='word_1_172' title='bbox 1232 3076 1301 3136; x_wconf 70' lang='lat'><strong>¹9⁸⁸</strong></span> 
     </span>
    </p>
   </div>
   <div class='ocr_carea' id='block_1_12' title="bbox 116 3137 1336 3680">
    <p class='ocr_par' dir='ltr' id='par_1_12' title="bbox 201 3137 1320 3456">
     <span class='ocr_line' id='line_1_24' title="bbox 221 3137 1302 3244; baseline 0.001 -24"><span class='ocrx_word' id='word_1_173' title='bbox 221 3156 334 3220; x_wconf 86' lang='lat' dir='ltr'><strong>dixit</strong></span> <span class='ocrx_word' id='word_1_174' title='bbox 325 3179 358 3218; x_wconf 84' lang='grc' dir='ltr'><strong>ιιι</strong></span> <span class='ocrx_word' id='word_1_175' title='bbox 382 3137 481 3241; x_wconf 88' lang='lat' dir='ltr'><strong>poesi.</strong></span> <span class='ocrx_word' id='word_1_176' title='bbox 510 3159 592 3220; x_wconf 81' lang='lat' dir='ltr'><strong>ntii</strong></span> <span class='ocrx_word' id='word_1_177' title='bbox 621 3159 714 3220; x_wconf 87' lang='lat' dir='ltr'><strong>etiam</strong></span> <span class='ocrx_word' id='word_1_178' title='bbox 736 3171 925 3244; x_wconf 89' lang='lat' dir='ltr'><strong>utrumque,</strong></span> <span class='ocrx_word' id='word_1_179' title='bbox 955 3162 1107 3224; x_wconf 89' lang='lat' dir='ltr'><strong>Solonem</strong></span> <span class='ocrx_word' id='word_1_180' title='bbox 1129 3170 1161 3221; x_wconf 89' lang='lat' dir='ltr'><strong>et</strong></span> <span class='ocrx_word' id='word_1_181' title='bbox 1181 3161 1302 3243; x_wconf 88' lang='lat' dir='ltr'><strong>Dropi-</strong></span> 
     </span>
     <span class='ocr_line' id='line_1_25' title="bbox 201 3263 1320 3347; baseline 0.004 -23"><span class='ocrx_word' id='word_1_182' title='bbox 201 3263 315 3346; x_wconf 83' lang='lat' dir='ltr'><strong>dem,</strong></span> <span class='ocrx_word' id='word_1_183' title='bbox 336 3263 526 3328; x_wconf 81' lang='lat' dir='ltr'><strong>Execestide</strong></span> <span class='ocrx_word' id='word_1_184' title='bbox 551 3264 694 3347; x_wconf 82' lang='lat' dir='ltr'><strong>genitum</strong></span> <span class='ocrx_word' id='word_1_185' title='bbox 717 3289 782 3329; x_wconf 86' lang='lat' dir='ltr'><strong>esse</strong></span> <span class='ocrx_word' id='word_1_186' title='bbox 804 3267 935 3329; x_wconf 89' lang='lat' dir='ltr'><strong>tradunt</strong></span> <span class='ocrx_word' id='word_1_187' title='bbox 956 3270 1029 3347; x_wconf 80' lang='grc'>(58)</span> <span class='ocrx_word' id='word_1_188' title='bbox 1062 3267 1272 3329; x_wconf 81' lang='lat' dir='ltr'><strong>Aristoteles</strong></span> <span class='ocrx_word' id='word_1_189' title='bbox 1264 3291 1320 3328; x_wconf 80' lang='lat' dir='ltr'><strong>sn¹</strong></span> 
     </span>
     <span class='ocr_line' id='line_1_26' title="bbox 218 3365 1300 3456; baseline 0.006 -26"><span class='ocrx_word' id='word_1_190' title='bbox 218 3368 307 3430; x_wconf 90' lang='lat' dir='ltr'><strong>libris</strong></span> <span class='ocrx_word' id='word_1_191' title='bbox 328 3367 507 3432; x_wconf 83' lang='lat' dir='ltr'><strong>Rhetoricis</strong></span> <span class='ocrx_word' id='word_1_192' title='bbox 530 3365 576 3454; x_wconf 87' lang='lat' dir='ltr'><strong>(l,</strong></span> <span class='ocrx_word' id='word_1_193' title='bbox 602 3367 653 3455; x_wconf 79' lang='lat'><strong>15)</strong></span> <span class='ocrx_word' id='word_1_194' title='bbox 674 3380 769 3456; x_wconf 81' lang='lat' dir='ltr'><strong>testes</strong></span> <span class='ocrx_word' id='word_1_195' title='bbox 790 3371 973 3436; x_wconf 64' lang='lat' dir='ltr'><strong>essexdoeet</strong></span> <span class='ocrx_word' id='word_1_196' title='bbox 994 3373 1131 3456; x_wconf 91' lang='lat' dir='ltr'><strong>duplicis</strong></span> <span class='ocrx_word' id='word_1_197' title='bbox 1152 3376 1300 3456; x_wconf 81' lang='lat' dir='ltr'><strong>generis,</strong></span> 
     </span>
    </p>

    <p class='ocr_par' dir='ltr' id='par_1_13' title="bbox 116 3472 1336 3680">
     <span class='ocr_line' id='line_1_27' title="bbox 174 3472 1307 3566; baseline 0.011 -35"><span class='ocrx_word' id='word_1_198' title='bbox 174 3487 177 3498; x_wconf 93' lang='grc'><strong><em>·</em></strong></span> <span class='ocrx_word' id='word_1_199' title='bbox 209 3472 370 3566; x_wconf 26' lang='lat' dir='ltr'><strong>&#39;antiquos</strong></span> <span class='ocrx_word' id='word_1_200' title='bbox 387 3483 419 3534; x_wconf 92' lang='lat' dir='ltr'><strong>et</strong></span> <span class='ocrx_word' id='word_1_201' title='bbox 436 3473 651 3536; x_wconf 87' lang='lat' dir='ltr'><strong>recentiores:</strong></span> <span class='ocrx_word' id='word_1_202' title='bbox 689 3475 774 3537; x_wconf 89' lang='lat' dir='ltr'><strong>inter</strong></span> <span class='ocrx_word' id='word_1_203' title='bbox 803 3478 949 3558; x_wconf 90' lang='lat' dir='ltr'><strong>antiquos</strong></span> <span class='ocrx_word' id='word_1_204' title='bbox 974 3486 1071 3554; x_wconf 85' lang='lat' dir='ltr'><strong>testes</strong></span> <span class='ocrx_word' id='word_1_205' title='bbox 1091 3492 1199 3563; x_wconf 87' lang='lat' dir='ltr'><strong>poetas</strong></span> <span class='ocrx_word' id='word_1_206' title='bbox 1222 3503 1307 3564; x_wconf 73' lang='lat' dir='ltr'><strong>quo2</strong></span> 
     </span>
     <span class='ocr_line' id='line_1_28' title="bbox 116 3575 1336 3680; baseline 0.011 -45"><span class='ocrx_word' id='word_1_207' title='bbox 116 3581 122 3590; x_wconf 92' lang='lat'>&#39;</span> <span class='ocrx_word' id='word_1_208' title='bbox 220 3585 283 3660; x_wconf 82' lang='lat' dir='ltr'><strong>que</strong></span> <span class='ocrx_word' id='word_1_209' title='bbox 306 3590 469 3642; x_wconf 82' lang='lat' dir='ltr'><strong>numerat:</strong></span> <span class='ocrx_word' id='word_1_210' title='bbox 497 3579 539 3641; x_wconf 86' lang='lat' dir='ltr'><strong>Ut</strong></span> <span class='ocrx_word' id='word_1_211' title='bbox 554 3584 654 3660; x_wconf 85' lang='lat' dir='ltr'><strong>enim,</strong></span> <span class='ocrx_word' id='word_1_212' title='bbox 676 3582 801 3665; x_wconf 88' lang='lat' dir='ltr'><strong>inquit,</strong></span> <span class='ocrx_word' id='word_1_213' title='bbox 829 3575 1033 3646; x_wconf 74' lang='lat' dir='ltr'><strong>Athenienses</strong></span> <span class='ocrx_word' id='word_1_214' title='bbox 1057 3587 1198 3650; x_wconf 87' lang='lat' dir='ltr'><strong>Homero</strong></span> <span class='ocrx_word' id='word_1_215' title='bbox 1221 3601 1299 3680; x_wconf 80' lang='lat' dir='ltr'><strong>teste</strong></span> <span class='ocrx_word' id='word_1_216' title='bbox 1332 3641 1336 3648; x_wconf 86' lang='lat'><em>.</em></span> 
     </span>
    </p>
   </div>
   <div class='ocr_carea' id='block_1_13' title="bbox 113 3671 1303 3773">
    <p class='ocr_par' dir='ltr' id='par_1_14' title="bbox 113 3671 1303 3773">
     <span class='ocr_line' id='line_1_29' title="bbox 113 3671 1303 3773; baseline 0.008 -31"><span class='ocrx_word' id='word_1_217' title='bbox 113 3719 115 3727; x_wconf 39' lang='grc' dir='ltr'>ι</span> <span class='ocrx_word' id='word_1_218' title='bbox 174 3671 180 3678; x_wconf 62' lang='grc'><strong>’</strong></span> <span class='ocrx_word' id='word_1_219' title='bbox 219 3684 270 3744; x_wconf 84' lang='lat' dir='ltr'><strong>usi</strong></span> <span class='ocrx_word' id='word_1_220' title='bbox 291 3698 382 3746; x_wconf 86' lang='lat' dir='ltr'><strong>eram</strong></span> <span class='ocrx_word' id='word_1_221' title='bbox 403 3684 642 3765; x_wconf 58' lang='lat' dir='ltr'><strong>dedalamine,</strong></span> <span class='ocrx_word' id='word_1_222' title='bbox 676 3689 723 3747; x_wconf 88' lang='lat' dir='ltr'><strong>ita</strong></span> <span class='ocrx_word' id='word_1_223' title='bbox 747 3687 880 3749; x_wconf 83' lang='lat' dir='ltr'><strong>Tenedii</strong></span> <span class='ocrx_word' id='word_1_224' title='bbox 909 3711 1009 3773; x_wconf 80' lang='lat' dir='ltr'><strong>nuper</strong></span> <span class='ocrx_word' id='word_1_225' title='bbox 1035 3681 1215 3755; x_wconf 70' lang='lat' dir='ltr'><strong>Periandro</strong></span> <span class='ocrx_word' id='word_1_226' title='bbox 1235 3679 1303 3752; x_wconf 78' lang='lat' dir='ltr'><strong>Co-¹</strong></span> 
     </span>
    </p>
   </div>
   <div class='ocr_carea' id='block_1_14' title="bbox 227 3879 528 3896">
    <p class='ocr_par' dir='ltr' id='par_1_15' title="bbox 227 3879 528 3896">
     <span class='ocr_line' id='line_1_30' title="bbox 227 3879 528 3896; baseline 0.007 -4"><span class='ocrx_word' id='word_1_227' title='bbox 227 3879 528 3896; x_wconf 56' lang='lat' dir='ltr'><strong>mnu-um·</strong></span> 
     </span>
    </p>
   </div>
   <div class='ocr_carea' id='block_1_15' title="bbox 252 3937 1297 4058">
    <p class='ocr_par' dir='ltr' id='par_1_16' title="bbox 252 3937 1297 4058">
     <span class='ocr_line' id='line_1_31' title="bbox 252 3937 1297 4058; baseline 0.008 -22"><span class='ocrx_word' id='word_1_228' title='bbox 252 3980 322 4053; x_wconf 75' lang='lat' dir='ltr'><strong>(it)</strong></span> <span class='ocrx_word' id='word_1_229' title='bbox 353 3981 465 4040; x_wconf 79' lang='lat' dir='ltr'><strong>Proetus</strong></span> <span class='ocrx_word' id='word_1_230' title='bbox 484 3980 517 4035; x_wconf 81' lang='lat' dir='ltr'><strong>ad</strong></span> <span class='ocrx_word' id='word_1_231' title='bbox 534 3937 644 4035; x_wconf 23' lang='lat' dir='ltr'><strong>Platoni.</strong></span> <span class='ocrx_word' id='word_1_232' title='bbox 661 3983 731 4036; x_wconf 81' lang='lat' dir='ltr'><strong>Tim.</strong></span> <span class='ocrx_word' id='word_1_233' title='bbox 749 3999 774 4053; x_wconf 92' lang='lat' dir='ltr'><strong>p.</strong></span> <span class='ocrx_word' id='word_1_234' title='bbox 795 3985 827 4038; x_wconf 76' lang='lat'><strong>2⁵</strong></span> <span class='ocrx_word' id='word_1_235' title='bbox 853 4001 891 4055; x_wconf 83' lang='lat' dir='ltr'><strong>sq.</strong></span> <span class='ocrx_word' id='word_1_236' title='bbox 911 3979 943 4038; x_wconf 82' lang='lat' dir='ltr'><strong>el.</strong></span> <span class='ocrx_word' id='word_1_237' title='bbox 961 3983 1051 4042; x_wconf 81' lang='lat' dir='ltr'><strong>Sebol.</strong></span> <span class='ocrx_word' id='word_1_238' title='bbox 1070 3981 1182 4040; x_wconf 67' lang='lat' dir='ltr'><strong>natm!</strong></span> <span class='ocrx_word' id='word_1_239' title='bbox 1194 4005 1221 4058; x_wconf 90' lang='lat' dir='ltr'><strong>p.</strong></span> <span class='ocrx_word' id='word_1_240' title='bbox 1235 4005 1297 4045; x_wconf 83' lang='lat' dir='ltr'><strong>sor.</strong></span> 
     </span>
    </p>
   </div>
   <div class='ocr_carea' id='block_1_16' title="bbox 0 0 1424 4682">
    <p class='ocr_par' dir='ltr' id='par_1_17' title="bbox 0 0 1424 4682">
     <span class='ocr_line' id='line_1_32' title="bbox 0 0 1424 4682; baseline 0 1"><span class='ocrx_word' id='word_1_241' title='bbox 0 0 1424 4682; x_wconf 95' lang='lat' dir='ltr'><strong> </strong></span> 
     </span>
    </p>
   </div>
  </div>
 </body>
</html>
